4292 5875
598 580 1146 667 wHieronis.
1407 617 1521 695 *q

199 692 274 801 p'ri·
300 713 421 776 aanor
449 690 623 803 fingulai
652 698 831 775 Baianae
860 716 1035 787 monerer
1061 693 1182 775 librat
1215 720 1278 797 50.
1316 701 1579 812 Laterenenfi

209 804 367 887 ralatio
382 860 393 900 ,
410 828 557 889 remora
579 804 756 916 qnalibet
768 808 953 915 occasione
966 863 980 905 ,
990 804 1239 921 persolveret
1264 814 1351 912 (1).

124 924 134 935 '
264 915 440 1003 Tametsi
473 914 600 1001 Pisani
633 920 841 1002 Antistites
871 922 956 1027 jam
984 922 1082 1004 inde
1119 918 1298 1007 artibus
1328 922 1464 1007 lustris
1491 922 1579 1007 Ro'·

207 1058 352 1114 manae
396 1028 593 1115 Ecclesiae
619 1032 763 1139 Legati
799 1034 841 1115 in
877 1028 1042 1118 Corsica
1072 1035 1277 1119 constituti
1310 1032 1500 1129 fuissent,
1530 1059 1576 1119 ut

206 1143 396 1257 superius*
416 1146 616 1237 diximus,
642 1170 739 1254 raro
764 1147 977 1249 tamenin
1005 1171 1095 1230 eam
1124 1148 1383 1257 navigabant,
1408 1175 1577 1261 praepe-

208 1256 285 1342 diti
327 1255 496 1342 sortallis
521 1290 543 1339 a
571 1254 908 1355 dissentionibus,
939 1288 1043 1371 quae
1071 1259 1127 1343 de
1153 1262 1264 1344 illius
1288 1264 1377 1369 jure
1408 1260 1575 1351 Pisanos

209 1377 343 1468 inter,
368 1400 416 1456 ac
440 1370 673 1456 Genuenses
691 1372 891 1457 continuo
905 1372 1127 1458 ardebant.
1142 1376 1262 1457 Hanc
1288 1376 1345 1459 ob
1370 1372 1568 1470 caussam,
1631 1438 1635 1443 .

44 1478 48 1485 ’
189 1486 273 1597 'cui
301 1484 346 1568 'dr
382 1488 629 1593 negligentia
660 1488 897 1585 Pastorum,
927 1486 969 1569 ἃ
995 1484 1169 1582 eorum,
1198 1490 1270 1596 qui
1311 1486 1468 1573 Insulae
1497 1485 1575 1573 dua

205 1598 466 1683 minabantur
495 1596 713 1682 insolentia
754 1598 937 1693 recellit,
974 1598 1022 1681 ab
1051 1602 1288 1715 Apostolicae
1329 1602 1449 1688 Sedis
1493 1599 1579 1683 ose·

205 1712 392 1818 diaria,
425 1716 470 1803 (s
508 1712 716 1797 devotione
740 1710 883 1796 eadem
926 1710 1061 1797 Insula
1098 1711 1178 1799 sese
1208 1712 1488 1812 subtraxerat,
1527 1715 1574 1804 ss·

208 1824 477 1935 diffisitioni',
514 1853 558 1907 ac
588 1824 822 1940 diffipittioni'
852 1825 985 1909 dedita
1010 1827 1270 1938 Ecclefiasli'ci'
1295 1828 1448 1912 ordinis
1464 1833 1565 1941 peria

205 1938 436 2023 deseruerat
463 1938 732 2053 disciplinam.
772 1942 910 2052 ltaque
935 1962 980 2024 ut
1009 1940 1073 2025 liii·
1104 1946 1220 2026 malis
1251 1944 1472 2054 prudenter
1501 1967 1575 2024 oc·

202 2049 385 2136 curreret
423 2054 643 2145 Urbanus,
672 2054 714 2136 &
750 2079 918 2139 munere
948 2058 1092 2167 aliquo
1118 2053 1401 2166 compensaret
1430 2056 1571 2161 Dago-

201 2165 390 2260 bertum‚
425 2164 687 2278 Pisanamque
720 2169 942 2253 Civitatem
973 2166 1041 2251 de·
1062 2170 1254 2253 Romana
1284 2166 1463 2253 Ecclesia
1488 2170 1567 2249 im·

204 2283 433 2364 mortaliter
463 2283 679 2377 meritam,
709 2279 996 2365 Daimbertum
1025 2282 1176 2392 ipsum,
1205 2279 1366 2389 ejusque
1414 2276 1564 2365 succes-

201 2391 312 2476 sores
341 2420 453 2477 anno
483 2424 604 2499 iopes
630 2395 707 2475 Xl.
741 2397 834 2477 Kal.
861 2396 993 2501 Maias
1020 2416 1223 2506 perpetuo
1253 2397 1380 2501 elegit
1411 2396 1455 2478 in
1489 2396 1571 2476 lau-

202 2504 323 2589 datae
349 2505 504 2589 lnsulae
531 2505 683 2589 Aichie
716 2502 900 2618 iscopos,
930 2528 1081 2592 utram
1106 2504 1410 2602 reformarent,
1427 2503 1568 2589 iisdem

204 2620 446 2727 potestatem
471 2617 568 2703 serit
595 2535 858 2729 Epissopatus
876 2621 983 2705 illius
1007 2621 1206 2730 regendi,
1232 2617 1441 2707 Praesules
1470 2645 1570 2702 con-

202 2730 413 2827 sectandi,
440 2734 479 2817 dt
514 2732 684 2815 Pallium
712 2736 825 2814 intra
855 2734 1061 2841 Ecclestani
1093 2756 1252 2817 sentum
1281 2731 1338 2815 ad
1359 2731 1568 2840 Mi'ffariim

204 2844 449 2948 celebranda
464 2844 654 2963 solemnia
695 2847 816 2929 certis
846 2844 1089 2955 quibusdam
1133 2844 1281 2931 diebus¹
1320 2842 1565 2929 deserendi.

206 2959 411 3044 Constant
441 2959 540 3044 haec
569 2966 706 3043 omnia
747 2987 796 3040 eir
829 2963 973 3045 litteris
1004 2959 1165 3044 Urbani
1196 2969 1288 3064 (a),
1320 2987 1424 3068 quae
1455 2957 1571 3040 ‹lubi-

89 3113 101 3128 ·
186 3078 371 3160 'tandum
413 3099 497 3158 non
526 3075 580 3158 esi
598 3077 739 3184 ‚lquin
769 3072 946 3160 sincerae
968 3070 1066 3170 sint,
1087 3077 1238 3184 quippe
1266 3099 1370 3182 quae
1397 3101 1446 3156 ex
1485 3100 1565 3156 una

203 3214 317 3300 parte
361 3191 520 3273 nullum
551 3186 785 3298 praeferunt
826 3184 1109 3300 suppositionis
1141 3187 1370 3284 iudicium3
1412 3213 1463 3268 ex
1506 3185 1565 3270 al·

204 3329 290 3388 tera
319 3329 417 3388 vero
432 3357 446 3400 ,
462 3303 574 3415 quod
600 3305 695 3387 illae
720 3303 1059 3397 continent‚alia
1088 3303 1210 3384 etia-in
1240 3297 1448 3410 perspicui
1473 3323 1563 3379 mo·

199 3442 394 3502 numenta
422 3415 589 3500 tradunt
608 3446 622 3517 3
663 3440 756 3500 nam
797 3439 841 3500 ut
881 3439 1015 3500 cetera
1045 3421 1109 3523 (3)
1137 3416 1323 3506 mitrasii,
1350 3413 1397 3493 in
1431 3407 1568 3513 tabula

199 3559 312 3614 anno
345 3562 468 3636 1094.
491 3527 624 3632 mense
650 3528 825 3614 Oslobri
850 3526 1034 3615 consessa
1050 3535 1142 3632 (4),
1158 3523 1423 3612 Daimbertu's
1448 3549 1569 3606 voca·

198 3669 262 3729 tur
295 3652 453 3758 gratia
472 3649 553 3732 Dei
590 3645 821 3758 Metropolis
857 3641 1023 3755 risanae
1061 3643 1270 3726 Civitatis
1309 3633 1570 3749 Aicbiepifco·

194 3785 268 3871 piis
283 3795 300 3861 ;
343 3763 383 3844 dr
401 3759 662 3846 'Bettholdus
693 3753 1011 3846 constantiensis
1038 3764 1104 3864 (5)
1143 3778 1302 3838 eorum·
1332 3766 1568 3860 temporum

175 3877 360 3983 [Auctor
384 3874 428 3959 in
467 3871 536 3958 suo
565 3873 782 3980 Clitonico
822 3873 960 3960 scribit
992 3858 1224 3956 :Dominis
1249 3871 1356 3982 Papa
1395 3861 1575 3994 diluuii

260 4004 265 4012 ·
575 4027 581 4033 ν
696 4015 698 4021 ’
815 4008 820 4017 ·
1408 4003 1515 4089 jam·

201 4159 264 4226 (ι)
278 4151 416 4232 ¹Consule
436 4150 556 4240 Urbani
579 4153 697 4219 litteras
715 4155 748 4216 i'ii
767 4148 908 4235 Appiis-¹
921 4159 1046 4220 minum.

199 4243 210 4306 (
220 4255 236 4292 2
249 4239 267 4306 ),
284 4243 322 4295 In
346 4236 504 4316 Appendice
525 4250 699 4296 monument.
816 4259 820 4268 ·

197 4319 259 4389 (3)
282 4313 415 4378 Litteras
440 4324 551 4394 nempe
563 4313 714 4392 callixti,
737 4317 768 4378 dr
788 4315 918 4380 Honorii
936 4319 1001 4390 11.‚
1019 4329 1093 4397 quas
1111 4309 1218 4372 damur
1244 4307 1279 4368 i'ii
1297 4297 1424 4384 Appias.
1443 4277 1569 4390 minan.

199 4401 258 4468 (4)
287 4395 381 4476 Apud
404 4391 608 4458 Muratorium
635 4399 664 4457 T.
679 4403 740 4456 111.
766 4397 916 4537 Antipui'r.
938 4398 1010 4456 lral.
1031 4393 1117 4454 medii·
1136 4391 1205 4451 aeui·
1226 4389 1277 4450 eil.
1295 4404 1382 4456 που.
1408 4373 1573 4471 Daimber-

268 4487 330 4537 tus
348 4488 475 4540 vocatur
504 4471 756 4553 Archiepiscopiis
774 4473 805 4535 in
824 4476 891 4538 aiis
916 4472 1009 4536 etiam
1030 4465 1260 4545 monumentis,
1289 4482 1368 4548 quae
1382 4467 1419 4525 'u
1440 4459 1452 4524 i
1484 4451 1570 4540 ipsius

151 4568 176 4584 ’·
278 4552 454 4618 Daimberti
478 4552 560 4636 gella
581 4551 794 4630 narrabimus,
812 4553 949 4619 indicare
966 4569 1026 4614 non
1044 4549 1242 4614 omittemus.

190 4641 248 4710 (ς)
271 4637 365 4715 Apud
388 4633 553 4700 Urslitiuni
570 4648 651 4714 part.
678 4656 705 4698 r.
727 4635 1024 4721 annaniae-Hirtii.
1055 4630 1213 4709 illustrium
1228 4643 1379 4712 pag-¹372.
