4292 5875
685 545 763 621 ¹40
847 582 851 591 .
961 511 1687 600 ECCLESIAEPISANAE

621 621 738 711 lorus
765 622 870 709 ullus
894 626 1132 736 ambigendi
1160 626 1372 710 Orlendio
1402 626 1699 733 relinqueretur
1716 682 1741 720 ‚.
1758 624 1845 726 post
1869 646 1983 707 ever·

618 736 703 821 lum
731 744 852 823 etiam
882 741 1255 847 Langobardorum
1282 742 1470 846 Regnum
1501 738 1724 819 adhibitam
1750 732 1864 820 1111111,ἱ
1889 732 1976 817 for·

620 854 770 937 mulam
789 853 903 935 illam
931 852 1196 966 computandi
1223 880 1377 944 annos,
1405 855 1585 958 quamis
1607 854 1785 942 rudem,
1826 849 1869 933 δι
1912 852 1976 929 in·

615 965 804 1053 usitatam
847 992 992 1059 vocat,
1046 963 1233 1075 potuisset
1276 963 1479 1047 Grandius
1530 990 1689 1070 praeter
1730 983 1980 1047 memoratas

623 1077 783 1163 thanas
813 1080 911 1161 alias
941 1106 1107 1190 quoque
1135 1084 1177 1160 in
1209 1077 1539 1183 Archiooer'rato
1569 1074 1742 1159 servatas
1779 1074 1977 1163 laudare,

616 1192 661 1274 in
693 1192 838 1299 quibus
871 1198 1028 1301 Regum
1059 1196 1156 1275 anni
1197 1190 1390 1280 similibus
1434 1188 1619 1275 formulis
1661 1193 1979 1299 exprirnunrur3

616 1300 699 1399 fic,
729 1330 770 1388 ut
799 1328 953 1389 ceteras
976 1330 1255 1418 praeteream,
1285 1301 1424 1403 charra
1453 1300 1653 1413 quaedam
1679 1302 1854 1387 Zenobii
1884 1298 1984 1383 leri·

617 1436 685 1523 pta
716 1416 865 1502 dieitur
895 1422 1083 1527 Hugonir
1115 1420 1241 1527 Regis
1268 1445 1369 1499 anno
1391 1413 1509 1524 sexto
1548 1416 1721 1515 decim03
1753 1418 1792 1499 &
1826 1414 1979 1497 altera,

613 1528 785 1636 Joannis
822 1559 932 1615 anno
969 1533 1173 1620 ludovici
1217 1533 1279 1614 Pii
1314 1553 1455 1643 quarto
1496 1528 1638 1610 decimo
1667 1539 1768 1631 (rlz
1809 1554 1858 1608 ex
1890 1526 1984 1636 qui·

617 1642 691 1725 bus
730 1643 921 1729 omnibus
963 1646 1124 1759 liquido
1155 1669 1351 1758 apparet,
1381 1641 1421 1727 id
1453 1669 1595 1725 verum
1624 1637 1739 1736 effe„
1770 1636 1886 1749 quod
1914 1642 1973 1721 air

615 1761 870 1856 Murarorius
900 1765 991 1865 (2),
1021 1765 1212 1843 nimirum
1237 1756 1467 1841 Zenobium
1501 1758 1683 1840 Pisanum
1713 1756 1979 1843 Antistitemi

621 1894 746 1977 quem
772 1872 853 1972 lula
870 1872 1068 1958 Lothario
1086 1876 1120 1958 1.
1139 1874 1395 1984 Imperatore
1422 1865 1558 1952 vixille
1586 1871 1779 1981 nonnulli
1806 1888 1978 1978 putant,

619 2010 815 2093 nunquam
853 1988 896 2063 in
921 2016 1051 2065 rerum
1078 1971 1375 2181 narumfn'ffl
1389 2027 1402 2055 ·
1684 2058 1690 2067 ,
2056 2076 2060 2083 ,

631 2128 647 2141 ··
687 2094 879 2179 Orlrndii
910 2098 1146 2193 sententiam
1178 2098 1231 2182 fal
1251 2122 1317 2179 am
1347 2091 1423 2181 elle
1451 2091 1591 2189 clare,
1626 2119 1674 2208 ur
1700 2096 1879 2205 opinor,
1910 2086 1984 2171 de·

624 2212 874 2300 monstravi,
907 2210 1077 2295 ledznon
1105 2213 1263 2294 idcireo
1293 2232 1478 2321 apertum
1506 2210 1746 2302 statimell,
1771 2212 1977 2319 Joannem

616 2324 802 2405 nostrum
832 2324 919 2433 post
962 2354 1112 2408 annum
1143 2334 1238 2429 829.
1269 2322 1453 2433 spiritum
1498 2316 1678 2421 durille3
1718 2347 1810 2405 nam
1846 2321 1983 2399 Tron-

530 2428 535 2439 ’
621 2436 733 2530 eius,
764 2438 804 2520 dr
833 2438 919 2545 poll
948 2467 1038 2520 euna
1071 2444 1219 2522 Veneri
1235 2438 1380 2520 ltaliae
1406 2438 1554 2519 Sacrae
1569 2435 1784 2529 Editores,
1812 2429 1882 2515 etsi
1909 2436 1987 2511 Ze·

618 2545 790 2629 nobium
821 2549 872 2629 ad
911 2578 1060 2635 annum
1093 2562 1187 2657 841.
1218 2578 1323 2635 rum.
1350 2549 1549 2655 Uglrellio
1582 2544 1792 2644 referunt,
1834 2546 1981 2629 volunt

616 2678 778 2755 tamen,
806 2688 916 2745 anno
946 2674 1042 2769 829.
1072 2669 1201 2748 citaeo
1242 2662 1486 2774 Episcopum
1515 2657 1627 2743 foille
1660 2666 1873 2744 Platonem
1905 2657 1978 2741 hu·

620 2772 683 2867 ius
714 2777 892 2855 nominis
921 2776 1145 2885 ll..,·quod
1182 2784 1497 2860 rememoretur
1529 2776 1573 2855 in
1600 2776 1869 2857 instrumento
1907 2798 1979 2853 an-

619 2908 679 2966 no
711 2917 776 2994 15.
805 2886 999 2972 [udovici
1034 2893 1092 2974 Pii
1130 2893 1418 2998 Imperatoris,
1447 2910 1491 2972 ut
1518 2888 1579 2970 illi
1611 2884 1803 2978 censent,x
1836 2883 1983 2968 conle-

617 3001 714 3080 do.
746 3005 994 3084 Muratorius
1021 3011 1086 3113 (3)
1113 3004 1320 3088 laudarum
1348 3006 1657 3088 instrumemum
1685 2999 1862 3108 vulgavit
1892 3024 1983 3080 rum

621 3107 686 3194 his
717 3111 1025 3222 chronologicis
1070 3125 1180 3200 notia
1210 3146 1221 3204 ε
1251 3123 1457 3228 Regnanre
1492 3113 1612 3195 donno
1655 3117 1789 3220 nostro!
1819 3108 1980 3194 rodono

618 3221 862 3328 Seremffimn
891 3232 1060 3340 Auguilo
1085 3259 1111 3312 a
1140 3238 1228 3314 Dee
1251 3255 1429 3312 coronare
1459 3256 1622 3335 magno,
1651 3227 1698 3317 (θ’
1718 3226 1879 3340 pacifian
1908 3229 1982 3314 lan·

616 3361 827 3449 peratore,
855 3369 956 3423 anno
975 3341 1123 3452 sextu,
1156 3345 1296 3428 decimo
1325 3341 1449 3452 mense
1483 3335 1984 3432 Madridndillioneduo·

620 3448 808 3552 decima;
839 3452 976 3537 sedin
1003 3460 1215 3567 postremis
1251 3460 1368 3541 liuius
1402 3453 1658 3540 instrumenti
1701 3453 1835 3536 verbis
1862 3453 1985 3534 inrer-

624 3567 861 3671 pandionis
892 3595 1010 3651 error
1039 3569 1193 3682 irrepsit
1206 3603 1231 3668 ,·
1247 3577 1317 3679 qui
1348 3565 1625 3680 proculdubio
1653 3570 1695 3648 in
1721 3562 1849 3648 caulla
1879 3562 1981 3662 fuir,

620 3700 697 3757 rur
725 3679 785 3759 vir
814 3680 1046 3766 elariffimus
1072 3686 1285 3768 conditum
1312 3684 1413 3766 illud
1442 3680 1730 3768 existimaverit
1753 3702 1864 3762 anno
1883 3685 1979 3780 819.
2043 3680 2049 3694 '

621 3787 857 3896 Antiquum
889 3793 1066 3878 eiusdem
1097 3799 1353 3881 instrumenti
1388 3794 1610 3902 exemplar.
1648 3789 1982 3900 (autographum

623 3904 734 3984 eninr
776 3901 1052 4002 desideratur)
1090 3911 1203 4015 quod
1228 3937 1321 4020 ¹ego
1344 3909 1468 3996 aidi,
1512 3903 1563 3990 sic
1601 3904 1723 3986 habet
1756 3934 1766 3989 :
1796 3909 1982 4012 Regnan-

625 4037 669 4096 te
695 4013 768 4105 &a
796 4047 895 4100 anno
925 4017 1043 4128 sexto
1070 4021 1234 4107 decima.
1267 4021 1392 4126 mense
1418 4017 1552 4106 Madia·
1567 4075 1578 4100 .
1601 4017 1815 4104 {adelinae
1837 4013 1981 4127 serra·

633 4127 807 4216 decima.
845 4132 908 4216 Ex
938 4133 1020 4220 hac'
1040 4139 1216 4221 lenione
1243 4160 1383 4251 parer,
1413 4135 1467 4265 ad
1493 4160 1644 4218 annum
1671 4131 1870 4237 Ludovici
1899 4127 1985 4214 sex·

1860 4265 1929 4324 um

627 4355 769 4420 (slsum
793 4357 870 4435 apud
897 4362 1229 4430 Muratnliumrrm.
1253 4363 1435 4441 aptit-eol·
1459 4371 1657 4434 1055·1023·
1694 4412 1698 4422 ·
1783 4401 1788 4410 ·
1842 4266 1895 4378 ε’

508 4447 510 4451 “
628 4435 671 4498 (²)
696 4438 731 4490 ln
753 4438 824 4492 noris
847 4440 886 4498 ad
906 4445 1053 4517 quandam
1079 4447 1210 4514 charram
1235 4446 1367 4524 hyaenam
1384 4445 1436 4504 cel.
1463 4447 1551 4519 1056.

613 4510 672 4595 1))
693 4513 722 4575 Τ.
743 4514 792 4576 cit.
817 4518 868 4577 cel.
896 4539 983 4585 roar.
