4292 5875
809 270 812 279 ,
869 193 913 288 ''x-

903 291 931 338 r,-

913 336 935 366 Ὗ

663 595 742 670 ²⁴24
912 547 1326 645 ECCLE‘SlAE
1392 555 1714 647 PJS'ANAE
1885 653 1890 661 ,

600 675 823 762 Matrinius
841 699 867 752 e
895 699 1013 784 gente
1041 673 1212 754 Villam'a
1242 697 1377 754 natum
1407 670 1571 754 dicunt:
1593 666 1732 758 Petrus
1757 668 1957 755 Farullius

605 795 799 893 (-1)vetb
826 793 914 899 poll
939 787 1254 873 Constantinum
1280 786 1527 892 cajetanum
1553 792 1617 890 (2)
1643 815 1694 870 ex
1722 791 1961 897 pervetusta,
2019 833 2023 836 -

586 937 590 942 ’
613 905 941 1011 nobilissimaque
970 900 1124 982 familia
1156 898 1354 1012 Cajerana
1381 895 1476 984 Pifis
1502 898 1635 984 adhuc
1660 899 1865 1012 superstite
1896 927 1968 980 or-

611 1042 700 1101 tum
729 1013 928 1115 affirmat3
971 1013 1116 1123 quibus
1144 1013 1219 1094 bac
1262 1017 1303 1095 in
1347 1041 1391 1096 re
1421 1013 1638 1120 Ugbellius
1676 1019 1794 1099 etiam
1836 1010 1968 1124 priori

611 1155 764 1217 mutata
793 1128 991 1216 sententia
1019 1128 1235 1211 adhaeret.
1267 1126 1338 1209 Ab
1368 1127 1556 1236 Eugenio
1582 1128 1663 1214 111.
1700 1153 1812 1214 anuo
1846 1138 1967 1233 1146.

1794 1267 1915 1350 quar-

606 1399 657 1480 (ὶ)
690 1402 850 1481 cronologia
884 1399 951 1462 dell
975 1397 1184 1474 antichissima,
1213 1418 1228 1456 e
1259 1395 1422 1472 nobiliffima
1450 1397 1586 1476 [amplia
1614 1395 1656 1458 ale'
1689 1381 1833 1472 Gaetani'
1847 1398 1880 1457 ai
1907 1393 1966 1474 rifi·

626 1528 633 1542 .
705 1489 815 1544 .a..26.
1267 1543 1269 1548 .

606 1569 654 1643 (r)
677 1499 811 1626 lpngnatir
830 1562 868 1621 aas
880 1562 976 1622 vitam
997 1558 1099 1633 Gelafii
1112 1567 1153 1620 ll.
1171 1579 1189 1616 a
1212 1558 1369 1636 randulpho
1393 1559 1488 1646 Prssrna
1505 1557 1641 1636 scriptam
1657 1555 1736 1640 apud
1768 1554 1969 1622 Muratorium

691 1653 720 1706 T.
734 1649 794 1704 ΠΙ.
813 1648 842 1700 S.
862 1649 895 1702 R.
915 1645 985 1701 ital.
999 1656 1063 1720 pag.
1079 1657 1145 1714 372·
1170 1641 1255 1700 Idem
1285 1636 1347 1717 ipse
1367 1643 1530 1712 cajetanus
1558 1637 1677 1716 ibidem,
1713 1657 1803 1720 quern
1834 1635 1969 1720 sequitur

684 1720 839 1788 oldoinus
852 1728 881 1781 T.
898 1729 971 1799 Lep.
984 1722 1055 1780 alisi
1069 1721 1212 1778 eleaticis.
1234 1737 1318 1788 rare.
1334 1721 1382 1790 ,rr
1394 1717 1540 1781 Farulliue
1552 1720 1678 1796 ωειλ,
1692 1716 1792 1782 asserit
1811 1715 1969 1780 villanum

690 1801 822 1868 nostrum
838 1818 917 1862 anno
938 1821 1022 1873 1124-
1039 1799 1204 1861 autumnali
1227 1813 1362 1877 tempore
1380 1802 1409 1860 S.
1433 1803 1469 1862 R.
1495 1802 1528 1858 E
1551 1797 1746 1862 cardinalem
1770 1817 1786 1858 a
1811 1797 1902 1862 Lucio
1924 1802 1969 1858 11.

689 1896 823 1947 creatum
842 1877 1023 1943 luiffetituli
1058 1883 1089 1940 s.
1112 1877 1254 1956 Stephani
1285 1882 1316 1938 in
1348 1886 1444 1938 Monte
1476 1877 1588 1936 caelio.
1624 1877 1782 1941 villanum
1818 1877 1973 1961 quendam

647 1973 652 1989 ¹
691 1958 907 2039 Presbyterum
930 1959 1126 2022 Cardinalem
1145 1957 1229 2021 tituli
1244 1959 1403 2020 memorati
1419 1975 1500 2019 anno
1522 1975 1610 2030 1¹45·
1632 1957 1741 2022 vixisi'e
1758 1969 1912 2040 comperta
1924 1973 1972 2018 rer

691 2041 757 2118 eli,
772 2060 838 2103 eum
852 2034 1015 2102 subscribat
1029 2039 1139 2119 litteris
1154 2041 1280 2118 Eugenii
1296 2045 1356 2100 lli.
1370 2058 1407 2100 eo
1420 2055 1500 2100 anno
1515 2046 1559 2098 16.
1574 2036 1690 2116 ealeod.
1705 2038 1808 2118 Junl'as
1822 2035 1975 2102 Tbeobal·

691 2123 732 2185 do
747 2117 889 2202 Episcopo
908 2115 1073 2182 Veronenfi
1088 2121 1185 2193 datis,
1200 2137 1277 2202 quae
1288 2117 1354 2182 sunt
1368 2127 1396 2178 T.
1413 2125 1439 2176 V.
1456 2121 1527 2180 leel.
1543 2126 1606 2177 Suc.
1618 2143 1647 2178 n.
1664 2124 1710 2183 80.
1724 2114 1854 2191 calpon.
1877 2124 1977 2196 Repu.

694 2217 768 2298 gnae
783 2190 980 2262 nihilominus
994 2197 1143 2274 Caietano
1163 2199 1323 2278 Uglrellius
1338 2197 1452 2260 duabus
1465 2213 1615 2277 permotus
1629 2197 1813 2262 rationibus.
1837 2204 1863 2259 1.
1878 2197 1975 2279 neque

694 2303 725 2346 an
736 2277 890 2342 veteribus
904 2278 1118 2354 monimentis,
1136 2299 1212 2360 quae
1231 2279 1298 2342 seint
1315 2277 1402 2352 rins,
1418 2293 1555 2361 qaraeque
1576 2276 1637 2358 ipse
1663 2277 1826 2354 Uglrellius
1840 2279 1976 2357 aceepit,

692 2380 794 2442 neque
816 2359 847 2420 in
863 2364 1065 2422 Romanorum
1090 2357 1267 2423 Pontificum
1295 2357 1423 2434 litteris,
1442 2356 1588 2438 inquibus
1608 2359 1645 2420 de
1658 2359 1782 2420 villano
1796 2355 1830 2420 fit
1852 2357 1976 2434 mentio,

695 2438 867 2503 cardinalis
889 2437 937 2500 hic
951 2440 1141 2518 appellatur.
1164 2445 1205 2501 ll.
1231 2448 1287 2505 Per
1309 2459 1343 2501 et
1365 2439 1629 2520 tempor-roribus
1646 2437 1784 2502 villanus
1795 2437 1893 2514 vixit,
1908 2438 1976 2502 titu-

698 2519 761 2581 lnm
777 2518 933 2580 laudatum
953 2518 1078 2581 tenebat
1090 2520 1242 2582 Gerarrlus
1256 2518 1421 2597 Presbyter
1435 2519 1606 2581 cardinalis
1618 2567 1625 2594 ‚
1637 2535 1669 2581 ut
1683 2519 1776 2600 liquet
1789 2538 1829 2580 eu
1849 2519 1976 2600 antiquis

636 2656 642 2683 ι
695 2597 934 2679 diplomatibus.
960 2603 1077 2668 Horum
1101 2599 1245 2662 nonnulla
1261 2598 1570 2666 brevittrindieabu,
1593 2620 1672 2682 quae
1695 2597 1768 2662 mihi
1795 2598 1915 2660 ltaliam
1926 2603 1977 2660 Su·

701 2697 783 2742 cram
805 2677 832 2740 le
856 2679 919 2740 enti
940 2692 1154 2740 occurrerunt.
1177 2681 1347 2742 Gerardum
1367 2677 1446 2742 tituli
1473 2684 1501 2738 S.
1539 2679 1683 2760 Stephani
1709 2685 1741 2740 in
1774 2687 1870 2740 Monte
1890 2682 1974 2738 Caelia

696 2698 898 2821 Cardinaiem
924 2756 1008 2820 luisse
1037 2771 1121 2837 patet
1150 2779 1189 2822 ex
1223 2759 1332 2822 litteris
1356 2758 1481 2840 Eugenii
1518 2766 1578 2822 ili.
1604 2761 1673 2822 anni
1699 2779 1784 2832 1151.
1812 2759 1846 2820 ad
1869 2757 1973 2819 Rodul·

639 2907 643 2917 ⁴
699 2837 794 2929 pirum
818 2837 991 2980 Episcopum
1014 2836 1196 2902 imolensem
1219 2847 1247 2901 T.
1270 2851 1312 2902 Η.
1335 2843 1406 2902 rial.
1427 2847 1504 2900 Sace.
1527 2863 1560 2901 n.
1580 2863 1623 2908 ry.
1644 2843 1693 2901 col.
1717 2849 1806 2914 625„
1841 2838 1970 2900 eulina·

708 2915 836 2993 rireyus
853 2938 901 2981 ern
927 2917 1053 2999 Eugenii
1083 2919 1153 2982 anni
1190 2915 1341 3005 sequentis
1376 2919 1411 2981 ad
1438 2917 1622 2983 bonifacium
1653 2918 1826 3001 Episcopum
1850 2915 1971 2981 Tarvisi-

632 3018 636 3025 ’
707 3016 778 3061 num
798 3004 827 3058 T.
846 3004 879 3058 V.
894 3020 924 3057 n.
946 3016 993 3073 32.
1010 3000 1059 3058 coi.
1079 3016 1161 3075 522„
1179 3020 1217 3063 ex
1241 3001 1354 3063 litteris
1373 3000 1521 3062 Hadriani
1546 3006 1601 3063 IV.
1628 3000 1698 3063 anni
1723 3018 1807 3075 ¹155·
1832 2998 1866 3059 ad
1892 3004 1975 3059 lien·

640 3146 644 3155 ,
701 3079 800 3147 sicum
828 3075 1034 3141 Parriancham
1055 3078 1242 3143 Gradensem
1265 3088 1294 3141 T.
1315 3086 1342 3143 V.
1366 3100 1396 3139 n.
1413 3098 1459 3156 37.
1481 3084 1531 3141 col.
1555 3100 1665 3157 1123.,
1698 3101 1738 3145 en
1772 3077 1877 3141 litteris
1895 3076 1981 3159 ipsius

636 3220 642 3233 ,
705 3156 855 3228 Hadriani
881 3156 954 3225 anni
971 3161 1057 3231 1158,
1072 3160 1108 3221 ad
1124 3158 1477 3223 Ca-nonicosGenuenses
1494 3168 1523 3223 T.
1536 3168 1581 3223 W.
1604 3184 1634 3223 u.
1648 3168 1696 3221 26⁴
1717 3164 1767 3223 cri.
1785 3163 1852 3221 866.
1874 3166 1909 3221 ln
1924 3157 1986 3217 ani·

707 3256 759 3299 mo
773 3234 848 3298 mibi
864 3236 978 3300 nonest
991 3236 1134 3314 judicium
1150 3236 1250 3315 serre,
1266 3258 1302 3305 an
1318 3238 1501 3317 cajetanus,
1523 3260 1560 3303 an
1579 3239 1741 3320 Ugbeliius
1754 3260 1819 3303 rem
1843 3240 1985 3319 attigerit.

709 3321 845 3381 Tantum
866 3316 965 3379 dicam
985 3318 1114 3398 primam
1138 3316 1277 3399 Ughellii
1298 3320 1445 3383 rationem
1468 3320 1569 3383 levem
1590 3320 1666 3385 elle.
1680 3322 1762 3385 Vide
1775 3339 1853 3403 quae
1871 3316 1989 3380 notavi·

704 3414 774 3458 nrus
797 3399 829 3455 ln
850 3398 966 3485 vigera.
992 3398 1161 3460 Secundam
1185 3402 1261 3464 verb
1283 3400 1384 3479 magni
1408 3398 1577 3463 faciendam
1596 3399 1673 3478 esse3
1695 3421 1734 3465 ex
1750 3401 1889 3467 eo.enim
1909 3395 1991 3479 quod

706 3474 826 3542 villani
850 3476 990 3565 Caretani
1012 3492 1151 3567 tempore
1168 3478 1247 3542 alter
1267 3476 1431 3558 Presbyter
1452 3480 1626 3545 cardinalis
1647 3481 1725 3544 tituli
1744 3486 1771 3542 S·
1791 3476 1937 3561 Stephani
1953 3479 1987 3533 in

707 3561 807 3616 Monte
827 3559 916 3616 Coelio
933 3557 1072 3633 vixerit,
1090 3578 1156 3633 ynre
1177 3580 1195 3622 o
1218 3560 1312 3637 timo,
1334 3575 1480 3643 qtranturn
1497 3560 1602 3641 capio,
1626 3560 1750 3623 insertur
1778 3576 1845 3620 cum
1866 3552 1989 3635 Uglrel-

640 3672 647 3683 ·
710 3634 767 3709 lio,
790 3631 950 3725 villanum
963 3637 1164 3700 cardinalem·
1178 3580 1263 3702 ilium
1281 3658 1340 3702 non
1358 3640 1436 3715 elle,
1453 3642 1569 3724 dequo
1586 3631 1784 3721 inpraesentia
1801 3634 1990 3715 disputatur,

708 3712 760 3805 sed
785 3711 878 3776 airum
901 3712 991 3809 longe
1008 3716 1180 3795 diversum,
1202 3721 1252 3803 qui
1274 3719 1350 3784 obiit
1384 3720 1475 3801 longe
1501 3734 1663 3805 antequam
1683 3739 1700 3783 e
1720 3718 1783 3781 vita
1808 3714 1992 3798 migraverit

707 3790 850 3855 villanus
870 3794 1137 3884 Arcbiepiscopus3
1159 3796 1211 3862 sub
1239 3798 1581 3877 antrustilicet1150.,
1608 3820 1668 3884 quo
1703 3795 1740 3860 ab
1765 3798 1903 3878 Eugenio'
1931 3798 1992 3857 111.

705 3873 866 3963 Gerardur
897 3892 930 3936 nr
954 3877 1164 3940 cardinalium
1188 3898 1348 3943 numerum
1375 3878 1486 3942 relatus
1514 3880 1641 3943 dicitur.
1669 3879 1748 3941 Huic
1777 3873 1923 3945 secundae
1949 3878 1996 3935 U-

706 3950 882 4032 ghellranae
903 3954 1013 4018 rationi
1037 3955 1185 4033 majorem
1214 3961 1279 4020 vim
1307 3960 1421 4021 addunt
1446 3960 1566 4027 litterae
1594 3959 1731 4023 eiusdem
1758 3957 1884 4040 Eugenii
1914 3972 1995 4017 anno

709 4052 800 4104 1149·
822 4048 932 4115 quarto
960 4036 1026 4097 idus
1056 4037 1240 4102 Novembris
1266 4038 1303 4099 ad
1329 4038 1466 4117 Moysem
1490 4038 1754 4121 archiepiscopum
1784 4046 1996 4103 Ravennatem

707 4108 836 4192 scriptae
862 4122 890 4175 Τ.
916 4123 961 4177 ll.
984 4118 1055 4177 real.
1081 4126 1144 4177 Sar.
1166 4120 1197 4177 in
1225 4116 1341 4197 Episcap.
1366 4124 1488 4180 uacent.
1517 4142 1596 4180 num.
1619 4138 1666 4193 45.
1692 4124 1743 4181 col.
1766 4136 1853 4194 215.,
1877 4117 1906 4177 in
1930 4112 1998 4197 qui·

709 4190 763 4252 bus
787 4190 929 4257 villanus
953 4192 1119 4273 Presbyter
1136 4197 1309 4275 cardiu-alis
1334 4200 1414 4263 inter
1439 4214 1554 4261 eeteros
1576 4219 1635 4263 non
1657 4199 1793 4293 legitur.
1818 4209 1861 4261 At
1883 4212 1999 4257 memo-

648 4326 653 4339 ,
707 4284 796 4333 rurae
819 4271 926 4343 linere
958 4274 1049 4337 datae
1073 4272 1142 4339 sunt
1171 4276 1265 4357 Pisis,
1291 4270 1341 4341 ubi
1372 4293 1443 4343 tunc
1464 4277 1637 4343 morabatur
1659 4279 1802 4343 villanus
1826 4274 1937 4341 Archie
1960 4269 2001 4334 is-

711 4368 826 4430 copus,
852 4352 904 4435 qui
929 4350 950 4415 fi
978 4354 1062 4445 idem
1084 4353 1184 4421 suisset
1204 4378 1238 4421 ac
1269 4358 1410 4423 villanus
1433 4358 1595 4446 Presbyter
1620 4359 1792 4423 cardinalis
1818 4357 1854 4421 iis
1876 4294 2000 4444 subdiri-

638 4466 660 4513 ι-
713 4426 786 4489 bere
814 4448 875 4494 non
897 4431 1160 4509 praetermissor.
1185 4444 1293 4521 Itaque
1316 4438 1391 4501 alius
1418 4436 1508 4502 suita
1532 4440 1657 4503 Villano
1677 4435 1918 4519 Arebiepisenpo
1934 4430 2004 4523 VJ!-

656 4573 660 4580 .
713 4504 1017 4669 pssssusmssgrepinalite„
1043 4513 1095 4599 qui
1127 4535 1209 4581 anuo
1232 4522 1325 4583 citato
1354 4518 1404 4583 rel
1434 4514 1505 4583 Pisis
1533 4518 1662 4597 aberat,
1682 4514 1741 4583 ¹rel
1768 4517 1866 4601 potius
1889 4534 1908 4577 e
1937 4526 2005 4573 vita

834 4611 839 4649 i
901 4608 1011 4655 vera.
