4292 5875
654 592 677 669 8
906 588 1313 674 ECCLESIAE
1356 589 1707 674 PISANAE.

590 696 661 796 but
692 697 799 787 Maia·
834 703 1051 813 imperante
1083 707 1246 785 Domino
1278 695 1443 812 piifflmo
1480 702 1650 815 Angusto
1679 709 1802 785 Leone
1830 729 1857 783 a
1880 707 1966 785 Deo

592 842 775 901 cornuto
811 845 948 925 magro
979 821 1215 929 Imperatore
1241 844 1342 897 anno
1374 846 1411 925 3.
1440 820 1600 929 Imperii
1629 814 1716 927 ejus
1740 814 1875 903 leun,
1908 848 1973 900 rr.

594 934 740 1040 ltaque
780 931 987 1040 Epistola,
1031 955 1157 1037 quam
1186 932 1380 1039 Gregorii
1410 928 1581 1025 dicunt,
1626 933 1729 1014 nulli
1772 926 1974 1041 pr'aefidio

599 1041 676 1127 elle
711 1047 842 1158 potest
882 1048 1068 1127 Patronis
1113 1043 1152 1128 S.
1180 1047 1289 1127 Petri
1330 1042 1385 1125 ad
1426 1040 1531 1129 hanc
1563 1046 1721 1129 Urbem
1750 1042 1973 1130 aduentus.

598 1155 681 1239 Sed
722 1185 854 1267 neque
882 1161 929 1239 iis
955 1156 1061 1240 favet
1101 1156 1368 1241 Innocentius
1383 1158 1436 1241 ΙΙ.
1465 1186 1552 1241 non
1582 1159 1709 1243 solum
1739 1156 1852 1264 quod
1886 1161 1973 1241 Ro.

592 1270 705 1353 mani
744 1266 965 1355 Pontifices
993 1274 1036 1353 in
1064 1266 1142 1353 suis
1174 1273 1330 1365 literis,
1367 1268 1435 1354 ubi
1473 1272 1525 1355 de
1552 1268 1659 1371 lide,
1686 1294 1756 1355 aut
1782 1269 1968 1355 moribus

595 1407 684 1467 non
715 1392 878 1495 agitur,
912 1386 1096 1492 vulgares
1127 1383 1370 1471 traditiones
1395 1384 1620 1495 aliquando
1649 1383 1760 1492 sequi
1789 1382 1975 1478 soleant,

590 1494 660 1581 sed
685 1501 862 1582 maxime
890 1496 1004 1611 quod
1040 1494 1259 1583 secundum
1296 1496 1536 1584 Pisanorum
1567 1501 1837 1591 sententiam,
1863 1494 1974 1608 apud
2116 1496 2124 1519 ⁴

590 1635 696 1719 quos
732 1610 879 1697 isthaec
904 1616 1054 1723 'opinio
1092 1615 1174 1718 jam
1217 1635 1306 1698 tum
1340 1616 1567 1698 invaluerat
1595 1621 1691 1719 (1),
1718 1612 1789 1697 ille
1826 1611 1970 1719 loqur.

576 1732 688 1821 tut,
719 1754 805 1813 non
832 1754 931 1812 veto
959 1726 1177 1813 secundum
1205 1730 1448 1839 propriam,
1475 1750 1520 1811 ut
1548 1754 1599 1810 ex
1634 1727 1722 1831 ejus
1760 1726 1895 1807 verbis
1924 1754 1967 1809 a·

591 1863 709 1950 perte
734 1840 968 1950 colligitur.
998 1840 1061 1924 Ex
1091 1846 1282 1953 pisturis,
1314 1867 1419 1949 quae
1452 1844 1494 1922 iu
1524 1837 1699 1925 Ecclesia
1729 1840 1865 1923 Sansti
1892 1842 1969 1924 Pe·

595 1954 649 2033 tti
677 1954 893 2050 videntur,
920 1954 1020 2039 nihil
1056 1953 1226 2065 probari
1264 1951 1375 2066 polle
1406 1956 1580 2063 ingenue
1607 1978 1771 2065 quoque
1820 1948 1968 2036 fatetur
2057 2004 2062 2009 -

593 2066 818 2151 orlendius
846 2076 935 2172 (2),
963 2064 1159 2179 siquidem
1186 2072 1317 2150 Periti
1345 2070 1452 2150 artis
1482 2067 1676 2179 pingendi
1705 2067 1967 2173 existimant,

593 2205 681 2293 opus
707 2181 813 2264 illud
812 2176 1009 2292 saeculum
1023 2179 1210 2261 decimum
1225 2178 1392 2265 tertium
1418 2178 1659 2293 nequaquam
1687 2202 1941 2263 antevertere
1954 2218 1975 2265 .·

652 2300 753 2381 Non
783 2322 837 2379 eo
871 2326 894 2378 a
933 2322 999 2378 me
1036 2292 1232 2406 disputata
1272 2293 1374 2379 haec
1400 2293 1518 2391 lunt,
1559 2294 1673 2403 quod
1709 2319 1878 2406 aperte,
1916 2323 1984 2407 ac.

598 2407 873 2520 praefidenter
900 2406 1074 2493 inficiati
1100 2407 1249 2502 velim,
1273 2410 1312 2493 S.
1331 2413 1492 2493 Petrum
1521 2408 1625 2494 Pil'as
1654 2403 1870 2500 acaustoe,
1898 2404 1972 2491 sed

599 2542 645 2605 ut
672 2523 915 2622 ostendam,
946 2524 1229 2620 monimenta,
1271 2520 1418 2633 quibus
1458 2522 1690 2630 hujusmodi
1731 2524 1879 2634 opinio
1895 2522 1969 2605 'iu-

597 2636 767 2735 nititur,
802 2662 889 2719 nou
930 2640 1068 2731 aare,
1108 2638 1150 2720 δι
1188 2659 1354 2750 aperta,
1395 2631 1462 2719 sed
1502 2634 1672 2721 obscura
1716 2636 1879 2749 potius,
1920 2662 1972 2720 nc

595 2745 719 2833 dubia
748 2748 847 2835 elle.
885 2750 1132 2842 Caeterum,
1162 2746 1186 2833 fi
1213 2754 1283 2863 qui
1313 2748 1409 2846 sint,
1438 2753 1510 2858 qui
1525 2753 1968 2863 putent,.sententiam

599 2888 819 2972 negantem
850 2864 1097 2973 Apostolum
1127 2864 1207 2948 huc
1243 2861 1418 2963 venille,
1457 2864 1750 2950 detrimentum
1793 2862 1972 2973 aliquod

598 2977 721 3062 affere
748 2977 854 3094 polle
881 2977 1066 3080 fidelium
1094 2980 1237 3092 pietati
1265 2971 1361 3084 (etsi
1389 2976 1617 3090 superstitio
1646 2985 1812 3092 potius,
1845 3003 1971 3088 quam

631 3097 726 3178 ieras
765 3121 810 3178 ea
838 3091 920 3177 dici
958 3091 1132 3187 debeat,
1162 3118 1250 3200 qua
1275 3088 1523 3192 mendaciis,
1554 3094 1890 3204 &impollutum
1923 3097 1974 3180 il·

596 3119 820 3291 iufionibus
846 3203 1014 3290 fundata
1048 3207 1164 3309 est),
1203 3206 1381 3316 ideoque
1420 3207 1543 3291 aliter
1583 3206 1838 3317 opinandum
1866 3202 1969 3294 effe,
2035 3249 2046 3319 j

598 3319 815 3414 censeant,
858 3325 885 3404 ii
920 3317 1098 3406 arbitrio
1127 3319 1197 3406 suu
1230 3345 1422 3419 utantut3
1464 3319 1553 3410 sunt
1585 3328 1697 3406 enim
1726 3321 1802 3405 hac
1848 3324 1891 3406 iu
1926 3349 1972 3405 re
2060 3391 2066 3402 .

604 3433 755 3539 judicia
784 3432 935 3520 libera.
1473 3482 1477 3490 ·
1708 3445 1713 3453 '

655 3551 761 3633 Cum
790 3554 990 3633 incertum
1023 3545 1089 3644 fit,
1121 3572 1256 3636 utrum
1285 3548 1580 3662 Apostolorum
1616 3555 1808 3662 Princeps
1850 3548 1973 3634 sactis
2095 3653 2100 3664 ι

598 3662 745 3744 nostris
784 3666 905 3746 Cives
936 3657 1102 3746 Pisanos
1141 3670 1381 3757 initiaverit,
1424 3665 1595 3750 dubium
1624 3667 1777 3776 paritet
1806 3663 1889 3756 est,
1916 3690 1973 3742 an
2073 3715 2077 3720 ι

598 3776 776 3884 primum
807 3775 1051 3889 Episcopum
1081 3781 1128 3861 iis
1157 3777 1421 3864 concelletit.
1462 3787 1609 3889 Neque
1648 3783 1758 3860 euim
1794 3773 1975 3862 assentit-i

598 3889 681 3972 illis
709 3885 1003 4002 pollunr‚‘qui
1042 3892 1295 4002 opinantur,
1324 3895 1366 3974 S.
1393 3896 1556 3976 Petrum
1598 3886 1838 3977 constituisse
1870 3886 1978 3974 Pisa·

597 4027 700 4086 num
728 4005 961 4089 Antistitem
996 4003 1034 4090 S.
1063 4011 1313 4117 Terpnum,
1347 4005 1468 4090 velS.
1497 4009 1690 4091 Petinum
1708 4037 1721 4106 ς
1757 4031 1853 4089 nam
1895 4003 1978 4116 pri·

594 4137 684 4202 mua
713 4120 757 4206 in
788 4121 976 4207 Neronis
1005 4123 1285 4233 imperatoris
1315 4121 1407 4207 aula
1435 4115 1787 4236 fuit,·poiiquam
1814 4122 1975 4317 uliam>

889 4275 892 4284 .
1327 4285 1333 4296 ,
1588 4299 1593 4310 .
1823 4301 1828 4311 Ι
1879 4257 1956 4316 ο,

593 4378 661 4457 (1)
681 4384 798 4448 Confer
817 4394 962 4449 Decretum
987 4409 1006 4448 a
1028 4397 1102 4450 Petro
1122 4387 1217 4465 Prsaru
1251 4387 1459 4468 Arcbiept'scopn
1480 4387 1587 4450 editum
1607 4405 1684 4448 anno
1703 4357 1790 4448 arri.
1817 4353 1899 4466 apud
1917 4365 1977 4446 Or.

636 4541 639 4550 1
675 4461 810 4528 lendium
835 4465 884 4524 lio.
907 4471 955 4527 rit.
978 4485 1041 4545 cup.
1066 4465 1412 4550 21.pag.863.&seq.
1471 4525 1476 4536 ,
1636 4527 1641 4537 ,

593 4545 604 4610 (
616 4547 650 4615 2)
673 4549 744 4623 Cap.
765 4546 853 4608 indie.
875 4560 942 4626 pag.
959 4549 996 4607 86
1003 4567 1026 4621 5.
1189 4547 1193 4553 ’
1536 4545 1541 4553 ’
