4292 5875
421 641 427 650 '
547 627 1033 715 HISTORIA.
1370 629 1475 749 em

153 736 365 834 habeatur,
381 737 480 826 aliua
496 736 577 826 dici
595 765 769 851 nequeat
784 771 806 824 a
823 743 999 830 Villano
1013 799 1027 842 ,
1043 743 1295 848 viatrmen‚
1319 771 1366 830 ac
1393 779 1443 832 ne
1460 759 1531 840 vire

154 855 321 968 quidem
336 875 452 939 cetto
465 861 563 953 icio,
575 883 652 967 qua
665 853 894 952 occasione,
907 859 981 944 &a
996 859 1141 968 quibus
1153 885 1290 973 captus
1304 861 1375 945 ille
1392 860 1527 970 fuerit,

158 997 255 1054 cunt
272 968 374 1052 nihil
405 973 589 1080 patriae,
620 969 722 1054 nihil
748 987 944 1055 externae
976 973 1184 1060 Historiae
1209 972 1398 1060 tradant.

213 1085 494 1192 litigantibus
533 1091 639 1170 inter
664 1081 703 1170 le
734 1085 956 1190 Haymone
983 1087 1194 1200 Episcopo
1224 1085 1422 1175 Sulcienll
1446 1142 1460 1186 ,
1487 1087 1531 1172 dt

163 1197 391 1302 Raynaldo
416 1195 618 1284 Casrnensr
647 1195 838 1299 Abbate3
872 1201 1101 1285 Turritano
1130 1203 1528 1316 Aeenipresbyteen

70 1381 73 1390 .
155 1338 205 1395 ac
239 1310 491 1398 Monastetio
515 1317 681 1398 Santrae
709 1317 868 1398 Mariae
897 1313 943 1397 de
970 1319 1098 1428 Terga
1122 1319 1167 1402 in
1205 1317 1423 1412 Sardinia,
1454 1321 1534 1399 Eu·

161 1431 307 1535 genius
323 1425 402 1511 111.
427 1425 599 1514 Villano
623 1422 830 1538 praecepit
846 1478 860 1521 ,
875 1449 919 1511 ut
946 1455 1089 1516 coram
1112 1431 1318 1519 sevocato
1334 1423 1531 1517 Sulcienst

161 1536 366 1627 Pontifice
400 1540 571 1629 illorum
599 1541 745 1626 caullas
774 1539 958 1649 liniret(
990 1549 1038 1647 ).

222 1661 350 1737 Anno
385 1683 504 1762 1151.
542 1652 678 1739 idibus
719 1653 916 1740 Ottobtir
967 1685 991 1742 a
1033 1653 1230 1743 Guidone
1273 1655 1528 1765 Presbytero

157 1765 375 1850 cardinali
403 1769 518 1852 Senis
556 1792 745 1854 mutante
788 1768 1068 1876 adjudicatum
1112 1767 1191 1856 fuit
1231 1769 1417 1856 Antistiti
1455 1793 1534 1854 no·

159 1883 247 1966 llto
286 1879 498 1993 praedium
528 1881 740 1993 quoddam
763 1882 808 1966 in
835 1885 935 1967 loco
960 1881 1247 1985 mentia-van,
1276 1883 1330 1969 de
1346 1908 1433 1997 quo
1446 1905 1536 1970 non

159 2019 285 2110 parva
311 1999 361 2079 lia
391 2019 477 2081 erat
502 1997 609 2080 inter
641 1995 853 2083 Villanum
883 1996 1043 2111 ipsum,
1070 2002 1115 2085 dt
1142 2002 1376 2108 Galganum
1404 1997 1535 2084 Vola·
1644 1997 1651 2008 '

164 2130 376 2193 tetrartum
407 2107 652 2222 Episcopum
672 2119 762 2215 (2).
780 2114 1027 2196 Antiochiae
1045 2118 1242 2223 Princeps
1275 2110 1534 2220 Raynaldue,

167 2221 335 2332 ejusque
362 2245 470 2306 uxor
504 2224 744 2308 Constantia
774 2223 891 2309 dono
918 2225 1125 2310 dederunt
1155 2252 1269 2321 anno
1302 2255 1428 2337 ¹¹54·
1463 2225 1538 2306 Ec·

167 2339 303 2448 elestae
342 2337 513 2423 denelae
549 2343 735 2431 Mariae,
764 2337 812 2428 tt
839 2338 1130 2454 Arcbiepisropo
1172 2336 1340 2450 Pisaeae
1369 2341 1539 2424 Ciuita-

173 2457 260 2544 tis,
313 2449 568 2564 Consulibus,
610 2451 657 2544 (θ’
695 2457 729 2540 S
730 2451 982 2548 eruentibus,
1025 2454 1072 2546 dt
1097 2458 1287 2537 communi
1311 2452 1444 2568 popule
1472 2451 1536 2534 10-

171 2587 269 2650 tum
316 2569 360 2650 in
412 2589 536 2676 portu
574 2567 702 2650 Urbis
732 2566 989 2652 Laodicenis
1033 2571 1077 2652 in
1102 2569 1218 2673 Syria
1256 2566 1308 2650 ad
1352 2564 1542 2654 contru-

169 2680 319 2761 endam
372 2676 524 2761 ibidem
567 2679 765 2782 domum‘‚·
809 2681 851 2765 dt
886 2684 1008 2764 aliam
1037 2678 1212 2763 domum
1252 2675 1540 2764 concederunt

170 2794 216 2874 iti
244 2791 426 2875 Ciuitate
452 2795 712 2878 Antiocheno
753 2801 844 2901 (3).
892 2799 1039 2882 Parent
1081 2793 1371 2878 liberalitatem
1412 2817 1537 2898 erga,

168 2905 410 2999 villanum,
455 2903 697 3018 Pisanosque
742 2913 866 2995 Cives
909 2907 1088 2997 ostendit
1141 2933 1254 2992 anno
1295 2935 1416 3015 ¹¹57·
1462 2903 1547 2989 Ab·

175 3020 353 3101 meritus
371 3024 535 3109 Comes
554 3024 766 3107 Alcalonis
784 3072 797 3115 ‚
815 3025 886 3131 qui
902 3021 1052 3106 allensu
1080 3020 1271 3106 balduini
1299 3022 1426 3127 Regia
1441 3020 1544 3101 Hie·

175 3128 349 3217 rusalem
379 3136 566 3241 germani
605 3133 742 3217 startia
769 3136 828 3220 sui
871 3133 1017 3220 iisdem
1046 3138 1239 3244 elargitus
1266 3132 1324 3217 est
1362 3132 1543 3215 mediam

173 3268 331 3360 partem
355 3246 623 3359 publicorum
651 3252 906 3359 vectigalium
922 3275 1054 3361 ‚quae
1080 3249 1124 3329 in
1154 3246 1274 3332 Urbe
1297 3251 1434 3361 Joppe
1459 3244 1544 3327 exi·

177 3356 327 3469 gebat,
366 3366 540 3465 plateam
569 3378 693 3447 urnm
724 3370 772 3446 iu
793 3362 962 3475 ipsamet
992 3362 1199 3454 civitate,
1233 3382 1282 3445 tte
1306 3366 1350 3447 in
1374 3385 1421 3444 aa
1448 3386 1546 3440 rom·

180 3498 334 3587 ponant
346 3474 426 3588 fibi
447 3476 607 3569 domos,
633 3476 679 3568 df
695 3476 860 3592 faciant
880 3474 1025 3559 itidem
1045 3476 1180 3592 form
1198 3472 1375 3585 filine
1402 3476 1544 3558 locum

184 3590 435 3694 quemdam,
472 3590 542 3675 ubi
572 3588 789 3685 Ecclefitnr
814 3584 1029 3675 aedificate
1060 3586 1218 3702 pollent
1248 3596 1344 3696 (4):
1373 3613 1426 3671 ex
1455 3586 1547 3695 qui-

179 3698 257 3785 bua
296 3702 342 3789 fir
370 3707 653 3803 manfiestum,
687 3706 896 3904 Villapppa
914 3708 1147 3791 nonsolutn
1175 3707 1286 3817 apud
1310 3692 1546 3896 Italumdsed

168 3849 172 3857 ·
840 3862 842 3865 ·
899 3848 920 3905 2
1373 3841 1454 3933 apu

257 4024 420 4093 Gttlllelrni
445 4028 576 4097 Abbatlt
594 4028 781 4095 Maffilienfis
811 4029 932 4097 litteras
956 4028 1035 4113 ipset
1067 4025 1203 4111 spectate
1237 4026 1463 4102 existimarem,
1486 4040 1549 4107 quo

257 4104 374 4172 bellum
399 4110 479 4175 inter
501 4110 575 4175 duas
597 4108 790 4191 Reipublicae
813 4112 927 4179 iterum
949 4112 1118 4186 excitatum
1141 4108 1205 4187 est,
1233 4112 1265 4172 δι
1290 4103 1467 4192 Genuenses
1492 4110 1547 4167 Bo·

256 4187 424 4253 nacutsturn
453 4200 545 4255 unun't
576 4210 616 4254 ex
640 4188 754 4253 Pisanis
768 4191 951 4255 consulibus
970 4193 1155 4273 coeperunt,
1173 4204 1208 4251 ut
1233 4206 1263 4250 m
1285 4188 1399 4251 motiae
1416 4181 1548 4266 postero

259 4288 326 4333 tum
346 4271 502 4335 mandavit
525 4271 642 4336 Folleta
661 4270 711 4331 tib.
726 4293 754 4332 2.
773 4274 957 4347 Ganuensttem
969 4274 1113 4337 Historiae
1124 4273 1176 4332 tel.
1187 4273 1256 4334 268.
1268 4277 1297 4331 T.
1313 4278 1342 4332 t.
1355 4282 1421 4349 pet.
1435 4284 1463 4328 r.
1481 4266 1548 4326 tle·
1645 4303 1651 4318 ·

252 4352 337 4432 sauri
355 4351 454 4428 etim,
475 4352 513 4421 ᾧ·
539 4354 643 4431 Antiq.
666 4355 791 4413 ltaliae.

199 4423 232 4499 a)
253 4427 343 4508 Apud
367 4430 525 4493 Gattulam
550 4439 580 4491 Τ.
603 4440 629 4493 l.
653 4430 722 4503 Hifl.
747 4430 889 4493 Abbatiae
908 4430 1003 4507 Cafin.
1029 4446 1096 4514 pag.
1111 4446 1180 4504 155.

199 4516 229 4574 ²)
253 4507 489 4573 lustramentum
508 4510 588 4591 apud
610 4509 815 4575 Muratotium
836 4518 938 4573 ΜΗ.
958 4514 1062 4592 Antiq.
1088 4514 1161 4572 teat.
1177 4508 1360 4571 mutilavi.
1485 4584 1488 4591 Ι

187 4586 237 4663 (3)
259 4586 404 4667 Diploma
422 4588 571 4654 exhibent
594 4586 767 4667 Tronciur,
791 4588 976 4673 Ughelliue,
994 4592 1025 4655 δι
1048 4587 1214 4657 Flaminius
1245 4589 1298 4652 atet
1327 4591 1427 4671 Berge.
1523 4653 1528 4663 ,

184 4672 235 4748 (a)
254 4670 337 4750 Lege
363 4666 500 4750 diploma
519 4669 598 4755 apud
618 4667 761 4735 eosdem.
810 4700 812 4703 ·
1123 4734 1129 4743 ,
1418 4718 1424 4729 .

181 4427 196 4577 l
