4292 5875
653 535 714 587 -20
884 506 1273 591 ECCLESIAE
1326 506 1646 591 PISANAE

614 644 710 725 quas
739 616 1006 701 Genuensmm
1040 620 1262 710 Historias,
1289 644 1391 725 quae
1426 622 1601 701 aiterum
1634 646 1719 734 non
1758 615 1974 713 absimile,

608 730 984 833 ejusdemcallixti
1020 732 1259 827 decretum,
1288 731 1339 809 de
1369 759 1454 839 quo
1495 732 1642 839 loquar
1677 732 1817 843 paullo
1863 737 1972 847 post,

604 840 806 938 efferunt,
837 842 887 926 dc
917 846 997 927 hoc
1026 868 1076 925 ne
1105 842 1274 925 verbum
1304 844 1471 950 quidem
1496 844 1645 928 habete
1676 878 1689 945 3
1720 872 1831 927 anno
1860 877 1974 933 com·

606 960 731 1037 muni·
757 984 876 1065 ¹¹23·
907 958 1066 1043 Pisanus
1094 960 1274 1039 Antistes
1300 961 1626 1067 Metropolitana
1663 960 1863 1067 dignitate
1889 968 1974 1071 pri·

605 1094 719 1150 vatus
748 1068 929 1153 nondum
953 1093 1062 1165 erat,
1090 1073 1131 1153 dc
1155 1070 1288 1153 adhuc
1319 1069 1520 1153 ardebant
1549 1070 1703 1157 dissidia
1731 1080 1839 1156 inter
1872 1074 1972 1160 duas

603 1177 865 1291 Respublicas
904 1187 985 1291 jam
1023 1181 1169 1267 indca
1210 1185 1338 1267 lustro
1378 1184 1437 1265 ob
1482 1185 1655 1268 eandem
1693 1186 1972 1295 dignitatem,

593 1299 807 1394 ⁴excitata5
844 1319 889 1381 ut
917 1294 1175 1385 manifestum
1203 1300 1259 1381 est
1288 1325 1339 1383 ex
1370 1298 1551 1407 sequenti
1575 1298 1837 1413 inscriptione
1867 1310 1929 1408 (1)
1959 1326 1974 1384 a

776 1527 860 1608 Hoc
890 1553 980 1635 opus
1010 1533 1061 1635 est
1079 1527 1232 1642 fossum
1247 1533 1329 1642 post
1347 1533 1511 1611 Partem
1542 1530 1719 1639 Virginis
1745 1527 1872 1611 aslum
1917 1638 1921 1642 η

772 1646 889 1721 Anno
916 1641 1072 1723 milleno
1098 1666 1259 1723 centeno
1284 1642 1343 1723 bis
1372 1643 1572 1743 duodeno;
1647 1694 1651 1701 ·

765 1756 873 1833 Tunc
892 1754 980 1864 jam
1008 1758 1186 1850 currebat
1211 1756 1395 1864 lustrum,
1427 1788 1500 1867 quo
1532 1754 1633 1836 bella
1659 1750 1826 1865 gerebat

758 1869 889 1975 Janua
916 1866 1073 1975 Pisanis
1101 1876 1222 1951 nimir
1251 1868 1545 1981 Archiproesule
1574 1871 1729 1951 claris.

768 1978 913 2086 Consul
936 1979 1101 2085 Pisanus
1126 1984 1284 2095 quidam
1304 1982 1541 2096 persaecula
1557 1984 1688 2093 clarus

768 2094 940 2171 Nomine
965 2094 1155 2206 Rodulfur
1172 2096 1387 2209 probitatis
1410 2097 1562 2178 notiore
1579 2096 1747 2210 fultas,-
1802 2151 1814 2184 κ

769 2202 840 2283 Sic
864 2204 1020 2314 placuit
1035 2209 1163 2289 curasse
1186 2211 1321 2320 populo
1329 2211 1592 2323 famulamine
1619 2208 1766 2302 multo,

765 2318 883 2421 Qod
894 2316 1039 2426 juxtas
1064 2327 1215 2403 Arnum
1244 2331 1389 2407 meruit
1415 2357 1473 2405 me
1489 2324 1624 2433 sistere
1651 2349 1856 2433 magnum.

653 2529 886 2621 Gennenses
910 2564 1046 2629 tamen
1073 2547 1254 2629 animum
1283 2575 1367 2631 non
1387 2548 1690 2662 desponderunt
1706 2602 1719 2643 ,
1734 2546 1968 2654 quinimmo

597 2636 798 2731 efficacius
844 2654 1050 2742 stimulare
1090 2659 1341 2756 callixtum,
1370 2668 1488 2773 eique
1532 2662 1695 2748 suadere
1736 2663 1970 2741 Romanam

597 2754 927 2852 Eccleaombelli
955 2776 1061 2855 inter
1090 2773 1188 2856 duaa
1237 2776 1418 2858 celebres
1468 2774 1731 2887 Respublicas
1768 2766 1964 2875 cauffoms

600 2863 645 2953 (θ’
675 2875 895 2982 fomentum
937 2890 1103 2992 existere
1143 2894 1236 2995 (2),
1281 2888 1471 3000 peregisse
1515 2888 1705 2972 videmur
1731 2914 1742 2985 3
1771 2886 1970 3011 quocirca

596 2982 789 3072 Pontifex
816 3000 1092 3101 pacisamore
1119 2999 1259 3084 ductus
1288 3031 1397 3086 anno
1442 3035 1561 3112 1123.
1593 3006 1770 3084 Romam
1811 3016 1969 3077 vocatia

598 3097 805 3211 utriusque
832 3108 1101 3220 Reipublicae
1130 3115 1291 3223 Legatis
1311 3114 1481 3200 caussam
1515 3111 1828 3201 examinandam
1856 3133 1973 3190 com·

597 3208 701 3295 misit
731 3215 950 3306 duodecim
968 3227 1315 3338 Archiepiscopis,
1331 3231 1589 3339 totidemque
1619 3226 1854 3338 Episcopo,
1871 3246 1976 3350 qoo-

592 3346 684 3404 rum
713 3331 885 3418 nomine
912 3365 1005 3422 cum
1033 3340 1166 3424 eidem
1209 3341 1398 3426 Pontifici
1445 3338 1691 3452 fignificasset
1731 3339 1965 3420 Gualterros

594 3434 816 3534 Ravennae
846 3450 1214 3565 Antistesaequum
1240 3453 1315 3536 esse
1344 3453 1532 3542 Corsicae
1562 3452 1765 3540 Praesules
1805 3449 1857 3533 ab
1892 3449 1974 3528 dr·

593 3547 840 3669 chiepiscopi
867 3563 998 3648 Pisani
1025 3567 1303 3674 jurisdistione
1335 3575 1540 3663 eximere,
1573 3568 1642 3652 dic
1683 3567 1863 3673 sequenti
1900 3588 1974 3640 co·
2026 3651 2028 3653 ,

598 3687 682 3744 tam
711 3672 899 3758 universo
927 3678 1128 3762 Concilio
1148 3685 1189 3762 in
1212 3680 1378 3765 Basilica
1404 3681 1656 3767 Lateranenfi
1698 3679 1861 3770 habitor
1902 3699 1967 3756 12⁸

464 3867 473 3872 ⁶
592 3775 764 3862 decreto
789 3781 946 3874 firmata
970 3789 1073 3874 suit.
1100 3795 1277 3876 Litterae
1294 3803 1357 3902 (3)
1377 3797 1576 3892 Callian,
1604 3825 1654 3876 ex
1686 3789 1831 3904 quibos
1866 3785 1972 3869 baec

594 3899 948 4004 apparent,datae
973 3903 1060 3990 sunt
1085 3935 1196 3990 anno
1224 3905 1560 4019 superius-citato
1590 3919 1626 3993 8.
1655 3908 1744 3991 idur
1780 3902 1969 4103 gpglir.

1824 4049 1844 4100 a
1880 4046 1922 4100 a·

589 4167 655 4245 (1)
677 4176 773 4262 Qae
794 4175 867 4239 oiim
891 4179 1056 4244 videbatur
1078 4181 1109 4245 in
1132 4181 1191 4246 ben
1207 4204 1349 4266 magnam
1370 4185 1494 4256 statuam
1516 4185 1700 4252 sustentante
1714 4181 1840 4278 pofitatn
1861 4193 1970 4249 contra

668 4270 748 4312 vratn
775 4259 940 4339 antiquitus
976 4271 1069 4322 Portae
1099 4269 1233 4341 Aureae,
1260 4283 1323 4329 turn
1348 4271 1499 4347 Giganrir,
1520 4269 1630 4330 deinde
1651 4269 1727 4326 della
1748 4273 1891 4344 arpenna
1915 4279 1973 4321 vo·

669 4342 784 4391 cataro.
807 4341 895 4402 Nurac
914 4356 1014 4402 atrtctn
1036 4341 1134 4405 eristat
1154 4362 1213 4405 non
1228 4347 1331 4424 procul
1351 4346 1389 4410 ab
1411 4349 1519 4429 eadem
1535 4347 1584 4410 via
1606 4349 1637 4408 in
1662 4343 1762 4410 sronte
1784 4345 1891 4410 domos
1913 4358 1972 4401 rto·
2091 4380 2094 4386 ,

669 4406 828 4474 bilissimae
857 4421 1117 4495 Lanfranthr'orum
1137 4422 1294 4488 familiae.

586 4493 645 4560 (a)
667 4491 828 4554 Honorius
848 4493 879 4554 in
903 4495 1013 4559 litteris
1033 4502 1122 4568 citat.

579 4571 644 4646 (3)
668 4573 744 4632 Sunt
763 4570 795 4632 in
819 4577 999 4653 Appendice
1014 4581 1076 4642 otc.
