4292 5875
681 549 739 649 7⁶
1041 530 1564 623 APPENotx

618 677 816 747 ruentum,
857 646 998 739 dillarn
1024 650 1177 761 consone
1213 658 1363 764 incepit
1403 646 1449 740 (θ’
1492 651 1604 731 litent
1637 656 1874 762 contestatus
1912 652 1982 759 est.

618 774 807 851 Rationes
849 787 1010 855 autern,
1037 763 1083 854 (θ’
1110 761 1367 877 alligationes
1405 762 1687 877 praedil‘lorurn
1721 766 1980 882 Syndicorusn

614 881 841 996 Hospitalis
869 878 922 958 de
957 874 1112 987 Osnello
1149 882 1237 964 hacc
1261 880 1556 993 proponebant3
1587 878 1793 991 Siquidem
1832 882 1980 982 Instru-

612 1024 785 1079 menennr
810 992 983 1075 dationis
998 1044 1009 1083 ‚
1025 996 1071 1083 (o
1092 992 1301 1075 oblationis
1318 995 1453 1106 follae
1478 1022 1502 1073 u
1528 997 1718 1077 Ricovero
1745 1018 1912 1106 ternpore
1941 998 1984 1077 i-

606 1111 709 1223 pfins
737 1108 890 1191 dullore
904 1110 1101 1189 Gratiano
1129 1132 1298 1219 tempore
1331 1112 1459 1188 Priori
1488 1110 1539 1192 S.
1565 1108 1767 1220 Sepulchri
1792 1136 1861 1218 pro
1890 1106 1974 1220 ipse

612 1222 817 1337 Hospitalc'
859 1220 959 1301 malo
998 1252 1099 1302 neore
1120 1223 1272 1334 sallum
1296 1221 1447 1334 βψ,
1480 1224 1671 1333 &turpes
1695 1222 1892 1333 pelliones
1922 1228 1971 1305 irc

602 1334 649 1447 se
675 1344 875 1420 continere
898 1333 1105 1432 dicebant,
1131 1342 1224 1449 quio
1252 1360 1345 1419 ante
1374 1334 1478 1415 illud
1505 1336 1799 1437 Instrumenturn
1824 1334 1974 1450 proees-

598 1451 660 1561 fit
668 1446 855 1564 prorniffio
875 1451 987 1561 falla
1002 1446 1294 1563 asnprascriptc
1318 1454 1513 1535 Gratiano
1530 1448 1653 1532 eidem
1665 1456 1856 1555 Rico‘oepv
1872 1504 1884 1543 ‚
1897 1454 1975 1645 pue‘
1999 1490 2004 1497 ·

610 1596 685 1646 uon
710 1565 889 1650 traheret
920 1594 1003 1645 curn
1032 1562 1078 1643 de
1096 1559 1360 1677 suprascripto
1387 1558 1589 1674 Hospisuli
1604 1610 1627 1656 ,·
1646 1567 1735 1648 vel‘
1759 1562 1802 1643 de
1830 1568 1892 1647 Ho
1908 1570 1971 1676 pi·

609 1679 762 1766 taliS.
789 1675 1020 1788 Sepulchri,
1048 1706 1116 1757 nec
1145 1676 1200 1758 ad
1216 1680 1323 1779 clius
1349 1676 1687 1787 obedientias-este
1714 1680 1832 1789 ipstns
1861 1684 1979 1761 Rico-

526 1798 529 1802 ’
610 1800 705 1877 ‘ocri
733 1796 987 1879 voluntatem
1013 1794 1224 1881 mitteret,
1251 1794 1297 1882 (ν’
1325 1791 1430 1904 quod
1450 1790 1652 1875 librarum·
1671 1816 1823 1873 tentum
1855 1818 1977 1906 poree·

609 1932 675 1990 ret
699 1910 805 2022 apud
826 1905 1015 2019 quendam
1042 1904 1220 1988 idoneum
1241 1931 1491 1987 mercatorem
1503 1908 1576 1992 vel
1600 1906 1704 2018 apud
1726 1908 1845 1986 locnrrr
1872 1907 1975 2015 relig

604 2021 757 2131 giolusn
793 2050 864 2135 pro
905 2016 984 2131 ipso
1013 2024 1228 2111 uicorum,
1257 2023 1303 2111 lo*
1322 2016 1527 2131 Hospitali
1555 2026 1600 2108 S.
1634 2019 1838 2133 Sepulcri.
1872 2020 1971 2102 Tali

606 2136 738 2240 enoda,-
768 2132 873 2247 qnod
894 2162 961 2214 eas
998 2133 1154 2215 deberet
1181 2134 1317 2218 hahere
1354 2142 1504 2217 nornine
1539 2162 1710 2248 poenae,
1733 2134 1778 2243 st
1807 2157 2000 2227 contra,

606 2246 672 2331 hoc
698 2250 904 2364 eifoflum
927 2247 1048 2355 effes,
1078 2249 1180 2359 qnod
1205 2276 1275 2361 pro
1297 2246 1371 2359 sna
1391 2250 1635 2358 ·grovedisce
1662 2248 1873 2363 proficuum
1914 2250 1972 2329 li.

607 2358 762 2445 hrarnrn
788 2385 942 2445 centurn
968 2360 1123 2443 deberet
1152 2361 1327 2477 consequi
1343 2363 1387 2469 fi
1412 2370 1449 2443 ei
1479 2391 1567 2476 opus
1588 2366 1746 2477 fuerit,
1784 2366 1891 2473 ficut
1918 2389 1972 2445 ert

603 2476 755 2588 publico
781 2480 1034 2583 Instrumenta
1064 2474 1172 2559 nobis
1198 2476 1335 2585 ostenso
1363 2502 1549 2589 apparet.
1584 2482 1678 2559 ltcrn
1705 2507 1787 2558 cunc
1824 2502 1971 2589 tempo·

605 2588 961 2703 re-snprascriptae
990 2588 1226 2683 oblationis,
1257 2610 1303 2683 ω’
1329 2593 1503 2674 dationes
1528 2592 1649 2700 efferet
1679 2598 1722 2671 iu
1763 2588 1972 2701 Hospitali

499 2752 504 2758 -
606 2701 757 2813 Osnelli
774 2706 969 2811 Consoerfi
987 2707 1121 2816 plures
1136 2711 1296 2823 viginti
1310 2750 1322 2797 ‚·
1339 2708 1445 2814 ficnc
1470 2733 1538 2817 per
1568 2707 1685 2789 telles
1703 2733 1829 2785 coram
1862 2704 1971 2788 nobis

602 2818 826 2929 prodnllos‚
849 2816 1048 2930 probatur,
1077 2820 1254 2913 dicebat,
1280 2820 1524 2933 praedillcsrn
1553 2820 1788 2901 contraflnrn
1809 2818 1974 2903 oblatio·

604 2939 700 3024 nis,
734 2934 781 3024 ὁπ’
820 2932 996 3014 dationis
1029 2934 1179 3018 nullum
1215 2934 1311 3044 effe,
1359 2941 1452 3049 quia
1479 2930 1654 3030 consensu
1681 2958 1842 3015 tarrtunc
1873 2965 1968 3046 qua-

603 3069 716 3141 tuor,
733 3049 805 3132 ‘uel
818 3053 989 3160 quinque
1006 3052 1192 3133 Fratrum
1219 3075 1441 3160 computata
1452 3047 1611 3159 persona
1625 3050 1967 3161 Recoverifuerat

603 3162 841 3245 celebratus.
875 3159 1145 3264 Confitehctur
1159 3189 1290 3247 autern
1304 3165 1524 3246 Gratianus
1541 3164 1665 3246 'cocum
1680 3161 1811 3254 nobis,
1831 3167 1974 3271 Instru-

602 3302 774 3360 mentum
787 3268 1041 3389 promifflonis
1065 3303 1222 3362 centnm
1237 3277 1423 3359 l'hrarum
1438 3275 1717 3390 fahlnmfncffe
1741 3299 1836 3357 ante
1856 3307 1973 3390 prae.

601 3387 873 3474 dillrsrnalc'ud
895 3390 1191 3494 instrumentum
1221 3391 1395 3474 dationis
1423 3391 1475 3482 (ol
1495 3392 1705 3472 oblationis
1739 3389 1967 3503 Hospitalis

599 3505 750 3616 Osnelli
766 3540 783 3606 ;
799 3506 893 3587 licet
907 3531 985 3585 una
998 3505 1061 3587 die
1078 3505 1183 3590 ambo
1199 3505 1316 3615 cssent
1331 3506 1501 3618 confella
1515 3559 1526 3598 ‚
1541 3505 1586 3596 (φ
1603 3537 1646 3588 ec
1661 3557 1674 3597 ‚
1692 3534 1790 3614 quoe
1814 3515 1856 3587 in
1870 3511 1967 3620 ipsis

391 3612 393 3615 ⁵
490 3635 494 3639 ’
597 3621 873 3703 Inllrnmentis
901 3624 1183 3715 concinenter,
1224 3620 1479 3728 confitebatur
1505 3623 1625 3704 vera‘
1646 3617 1744 3726 effe,
1772 3644 1854 3702 turn
1878 3653 1971 3704 eon·

587 3736 714 3850 seffus
735 3737 859 3847 fnc't‚'
870 3731 970 3847 quod
994 3759 1162 3849 tempore
1180 3731 1470 3848 snprojcriptae
1502 3737 1677 3818 dationis
1696 3747 1724 3825 ,'
1753 3761 1867 3815 erant
1893 3746 1912 3820 i
1921 3771 1967 3819 η..

594 3847 798 3962 Hospitali
820 3850 1020 3960 proedillo
1047 3850 1240 3932 duodecin
1253 3854 1471 3961 Conversi.
1504 3857 1566 3934 Ex
1598 3845 1760 3956 adverso
1781 3876 1970 3961 propone.

584 3959 653 4045 hot
686 3968 938 4059 Gratianus,
960 3943 1006 4074 [ι
1030 3967 1105 4049 vel
1125 3967 1248 4047 alcnrn
1273 3967 1444 4046 Priorem
1468 3962 1513 4062 S.
1541 3964 1743 4074 Sepulchri
1770 3965 1849 4074 post
1876 3995 1966 4048 eane

584 4107 660 4158 non
683 4082 700 4159 i
708 4079 938 4186 ntromcstffe
962 4075 1009 4158 dt
1025 4081 1271 4162 ordinatione
1288 4075 1546 4193 suprascripti
1574 4074 1795 4189 Hospitalis
1810 4077 1966 4188 'Osneb

583 4191 648 4288 li,
680 4192 931 4304 quodetiam
972 4193 1140 4305 adversa
1164 4219 1260 4307 pars
1300 4195 1582 4300 confitebetur,
1624 4191 1775 4274 dicebas
1816 4201 1967 4277 etiarn,

576 4301 649 4416 se,
681 4307 758 4392 vel
784 4309 907 4389 aliam
937 4311 1112 4392 Priorem
1140 4340 1213 4390 non
1242 4309 1422 4421 recepiffe
1453 4309 1712 4391 obedientiam
1753 4312 1969 4391 aFratri·

388 4416 393 4427 ’
524 4501 526 4505 ,
584 4417 651 4500 hus
681 4423 756 4503 vel
772 4421 985 4506 Sororibus
1003 4421 1266 4540 suprascripsi
1279 4413 1516 4538 Hospitalis,
1548 4422 1652 4538 qnod
1672 4419 1839 4531 adverso
1868 4449 1969 4536 pars

582 4533 860 4642 respuebatur,
880 4546 1058 4654 exceptis
1084 4539 1185 4638 illis,
1213 4543 1338 4655 quiin
1360 4543 1624 4651 instrumento·
1638 4540 1973 4633 conc'tc'nencur,'&¹

1813 4680 1913 4766 quta
