4292 5875
652 496 675 556 2
760 484 763 490 “
879 469 1296 556 ECCLESIAE
1350 469 1681 555 PISANAE

504 628 512 644 ·
590 582 746 669 niversa
772 583 941 694 imperii
967 580 1118 666 summa
1149 588 1191 666 in
1225 581 1451 688 Augustum
1480 612 1601 666 unum
1638 581 1847 692 pervenit,
1887 587 1971 669 Ur.

591 698 688 780 bem
717 700 889 783 multum
916 698 1141 788 illustrem,
1172 693 1456 803 celebremque
1489 693 1626 780 fuisse.
1655 697 1793 804 ltaque
1823 698 1964 782 nulle..

589 813 671 895 alia
697 814 965 922 vestigatione
991 809 1226 923 interpofita
1242 809 1294 895 ad
1313 808 1382 904 id,
1410 811 1522 924 quod
1550 814 1609 896 rei
1638 835 1757 924 caput
1783 807 1862 908 est,
1890 813 1972 896 sta-

588 927 666 1008 tim
698 922 931 1010 descendo.
1842 940 1852 962 '

645 1028 1025 1123 Sannum'Petrum
1058 1035 1358 1148 Apostolorum
1387 1039 1619 1150 Principem
1651 1039 1802 1127 Christi
1848 1037 1969 1152 lege,

588 1150 755 1237 Pisanos
781 1146 991 1236 erudivisse
1007 1151 1173 1232 tradunt
1200 1153 1336 1262 plures
1365 1159 1592 1264 Scriptores
1614 1163 1706 1260 (1),
1733 1157 1803 1261 qui
1830 1172 1968 1233 tamen

588 1265 641 1345 de
670 1291 809 1359 ann0,
835 1293 920 1374 quo
948 1265 1017 1346 ille
1047 1264 1152 1347 Pisas
1180 1264 1337 1350 accessit
1362 1265 1413 1350 ad
1440 1291 1596 1352 tanturn
1637 1291 1739 1376 opus
1775 1291 1973 1374 peragen-

588 1375 717 1470 dum,
743 1383 846 1462 inter
878 1378 915 1464 se
944 1375 1166 1460 differunt.
1197 1376 1358 1462 Etenim
1385 1381 1571 1490 plerique
1597 1405 1742 1459 omnes
1779 1381 1863 1485 ejus
1900 1377 1973 1460 ad·

585 1518 750 1575 ventum
783 1493 992 1578 collocant
1013 1492 1057 1571 in
1086 1485 1374 1577 anrio²Christi
1404 1525 1470 1598 44.
1502 1491 1699 1600 siquidem
1740 1514 1914 1602 putant,
1939 1497 1972 1575 i·

587 1603 702 1714 psum
727 1607 934 1719 Neapoli,
966 1606 1049 1717 qub
1075 1631 1125 1686 ex
1156 1603 1274 1688 Urbe
1300 1609 1520 1690 Antiochia
1542 1601 1758 1688 accesserat
1778 1661 1790 1699 ,
1811 1601 1967 1715 solven-

587 1741 668 1800 tem
690 1725 741 1803 vi
769 1745 978 1825 ventorum
1004 1715 1176 1800 delatum
1200 1718 1273 1828 effe
1301 1717 1722 1830 Lrburnum,indrque
1751 1716 1872 1828 Pisas
1885 1745 1975 1830 pro·

584 1837 695 1914 xime
720 1837 865 1946 positar
893 1865 960 1915 con
980 1829 1144 1939 cendrffe
1176 1889 1357 1917 .....
1387 1831 1477 1914 inde
1512 1863 1608 1917 ‘uero
1648 1837 1805 1916 Romam
1839 1831 1973 1942 venis·

580 1942 627 2055 se
652 1949 739 2050 (ι).
775 1947 1048 2032 florentinius
1079 1953 1141 2054 (3)
1171 1969 1302 2033 aurem
1320 1950 1396 2031 Vir
1420 1945 1651 2029 clarissimus
1679 1971 1770 2028 cum
1797 1945 1964 2028 arbitre-

587 2078 653 2140 tur
680 2057 892 2171 primord
924 2056 1086 2143 Urbem
1115 2058 1341 2168 profeslum
1368 2057 1468 2155 esse,
1500 2057 1652 2142 deinde
1686 2086 1737 2140 ex
1771 2085 1818 2140 ea
1845 2057 1972 2143 disce·

585 2167 683 2253 dere
713 2170 853 2274 jussum
882 2171 985 2258 Pisas
1015 2173 1236 2281 appulisse,
1275 2176 1408 2256 Sansti
1437 2176 1548 2270 Petri
1593 2171 1810 2256 adventum
1856 2199 1973 2256 revo-

585 2282 731 2367 carad
763 2311 915 2368 annum
959 2289 1122 2368 circiter
1151 2317 1221 2390 51.
1250 2287 1333 2369 Hic
1379 2313 1539 2370 moram
1580 2286 1810 2370 trahentem
1855 2293 1970 2400 Apo·

584 2395 761 2493 stolum,
788 2401 932 2505 ajunt,
959 2400 1237 2510 quammultos
1270 2401 1375 2480 cives
1421 2401 1473 2482 ab
1518 2403 1705 2483 inanium
1747 2402 1968 2486 Deorum.»

587 2513 701 2594 cultu
728 2508 971 2605 removisse,
1013 2509 1150 2622 eisque
1201 2514 1377 2623 primum
1420 2513 1663 2624 Episcopum
1710 2511 1965 2608 concessisse,

590 2651 714 2736 quem
731 2627 973 2710 Roncionio
1002 2625 1101 2708 teste
1119 2630 1182 2730 (4)
1214 2625 1381 2734 quidam
1410 2626 1841 2740 S.Torpetern‘patria
1872 2627 1976 2714 Pisa-

586 2765 685 2821 num
725 2735 836 2822 fuisse
870 2762 1050 2851 putant-3
1079 2737 1296 2849 Ughellius
1341 2747 1404 2848 (4)
1447 2769 1574 2838 vero,
1619 2741 1845 2840 Matrinius
1883 2747 1973 2846 (6),

584 2856 790 2937 Troncius
820 2860 909 2961 (7),
940 2854 981 2937 &
1012 2856 1108 2947 alii,
1137 2859 1174 2937 8.
1204 2858 1395 2940 Perinum
1426 2860 1591 2941 natione
1622 2861 1857 2956 Graecum,
1900 2861 1973 2943 Pe-

582 2970 648 3049 tri
668 2963 933 3078 discipulum,
963 2964 1130 3075 ejusque
1159 2968 1206 3050 in'
1232 2972 1377 3053 itinere
1402 2976 1625 3055 comitem.

646 3080 687 3162 Si
714 3083 871 3164 veritati
895 3078 1123 3165 consonum
1154 3076 1483 3184 effet‚sanrtum
1515 3090 1682 3168 Petrum
1712 3076 1815 3169 Pisas
1845 3078 1972 3166 venis-

582 3188 652 3287 se,
698 3190 863 3303 ejusque
902 3222 1030 3307 opera
1071 3196 1222 3279 multos
1265 3196 1413 3290 Cives,
1462 3197 1749 3313 'superstitione
1801 3199 1969 3291 relisit,

536 3374 539 3383 .
584 3337 779 3392 cnnrsro
810 3335 965 3393 nomen
982 3306 1160 3411 dedisse,
1187 3304 1255 3395 eth
1280 3317 1437 3425 optime
1467 3316 1580 3424 novi,
1612 3312 1761 3401 Virum
1795 3306 1966 3396 doelish·

1811 3452 1921 3511 mum

589 3585 651 3655 (1)
670 3587 842 3650 Bernardus
867 3585 1087 3670 Marangonius
1110 3586 1161 3654 vei
1191 3588 1324 3675 quisquis
1345 3590 1388 3655 esi
1426 3590 1541 3658 nunor
1564 3590 1707 3659 chronici
1744 3588 1846 3655 Pisani
1879 3596 1906 3649 T.
1935 3610 1961 3648 1.

636 3701 641 3709 ι
670 3671 730 3739 ξεν.
754 3676 789 3729 R.
828 3673 900 3731 Ital.
921 3672 971 3731 cri.
1009 3688 1074 3746 313.
1100 3672 1176 3747 Edit.
1206 3674 1632 3757 Florent.1748.‚Troneius
1668 3674 1789 3733 Annali
1818 3671 1909 3752 Pisani
1931 3670 1970 3729 ad

670 3764 744 3824 rnn.
771 3769 822 3829 44.Ι
837 3766 901 3831 pag.
915 3770 962 3827 3.,
984 3751 1157 3834 caeterique
1178 3751 1291 3817 lauiiati
1313 3752 1351 3817 ab
1371 3752 1522 3817 Orlendio
1541 3770 1618 3834 par„
1633 3776 1661 3815 ι.
1690 3754 1773 3816 orbis
1809 3752 1910 3827 Sacri,
1930 3746 1967 3819 (r

668 3830 807 3904 ,ΡῗθριῖίὸΰῐΙ
826 3830 877 3890 sib·
893 3851 919 3907 fl·
940 3854 964 3890 f·
983 3852 1031 3894 20·
1054 3847 1119 3912 page
1142 3836 1211 3906 850·
1804 3892 1806 3895 ·

584 3908 645 3973 (2)
667 3909 812 3995 Batonius
831 3914 863 3972 in
890 3915 1005 3975 Annae
1020 3916 1124 4050 perses.
1151 3916 1190 3975 ad
1214 3936 1285 3979 ann.
1312 3935 1363 3991 44.
1385 3934 1415 3977 n.
1441 3916 1487 3976 28.

585 3985 649 4056 (3l
669 3992 710 4048 De
726 3992 821 4067 prima
839 3991 969 4069 Thufciae
995 3989 1019 4051 C
1040 3992 1219 4058 riliram'tate
1237 4012 1298 4076 cap.
1325 4020 1351 4057 r.

586 4068 647 4133 (4)
669 4066 770 4129 illaria
793 4075 894 4151 Pisana
921 4077 985 4132 MS.
1007 4072 1057 4146 lii.
1077 4094 1103 4136 ι.
1125 4088 1191 4155 pag.
1210 4091 1283 4151 43.·

584 4146 648 4214 (ς)
670 4152 769 4209 zm.
793 4156 864 4210 Ital.
890 4158 994 4215 Sarrae
1019 4156 1069 4215 cot.
1097 4166 1162 4229 351'.
1186 4158 1251 4217 edit.
1280 4158 1385 4219 Celeri.
1464 4208 1469 4214 .

585 4225 649 4292 (6)
670 4226 797 4362 lppiculo
820 4232 1106 4317 chronolog..Prnris.
1135 4235 1295 4323 Pisantrum
1324 4238 1361 4323 au
1389 4236 1502 4305 calcem
1533 4240 1647 4303 Theatra·
1675 4237 1821 4316 ,Basililar
1839 4239 1964 4319 &isam

668 4326 734 4363 er.
755 4324 841 4380 1705.
1199 4345 1201 4349 ¹
1278 4359 1283 4366 .
1485 4336 1488 4343 ·
1783 4343 1789 4352 ·’
1871 4349 1879 4360 ·

584 4384 733 4456 (nuc.
751 4390 798 4477 fir.
818 4386 898 4454 vide
920 4392 1013 4456 eriam
1034 4396 1215 4463 orlendium
1229 4400 1277 4463 lib.
1301 4404 1350 4465 cir.
1374 4415 1435 4482 crp-
1451 4418 1499 4477 24·
1517 4416 1583 4484 ptr·
1606 4420 1701 4481 903·‚
1726 4399 1778 4467 ubl
1803 4398 1965 4479 diffisum

669 4480 730 4545 que
751 4464 879 4548 idipsum
901 4468 1067 4541 sentientes
1089 4494 1257 4545 numerat.
