4292 5875
716 587 810 693 272·
937 577 1348 672 acaaarraa
1404 522 1741 678 alisanae
1808 561 1825 593 “

648 700 892 803 .,‚‘·etronem
920 700 1205 779 Florentrnam
1232 695 1395 796 i-nuafit,
1437 701 1479 785 ’δι
1521 701 1846 798 contaminavit,
1892 735 2025 794 orer-

653 873 683 916 „
713 825 835 899 eriam
866 809 997 896 Pisani
1019 821 1157 920 gregis
1175 839 1280 894 nunc
1297 809 1444 909 vobis,
1465 813 1510 898 ἃ
1536 815 1758 904 venerabili
1776 817 1888 906 fratri
1920 851 2004 906 no-

542 1027 550 1042 ·
653 990 683 1036 „
715 934 798 1014 stro
827 931 876 1010 V.
901 928 1225 1038 Arahiepiscopo
1242 927 1375 1009 vestro
1393 928 1621 1015 commissas
1638 933 1781 1018 audeat
1809 963 1999 1046 unquam

653 1075 691 1147 ‚,·
713 1045 931 1129 infestare.
962 1041 1091 1123 Huius
1119 1040 1329 1151 pessimae,
1367 1071 1413 1127 ac
1439 1041 1666 1132 diabolicae
1703 1054 1882 1133 zizaniae
1920 1051 2007 1136 das.

544 1205 550 1218 ·
653 1217 684 1261 „
714 1153 1027 1246 {emanatoribus
1055 1155 1189 1239 modo
1228 1154 1355 1242 fortes
1387 1153 1576 1256 resistite,
1619 1165 1712 1249 illos
1754 1187 2006 1275 oppugnare
2116 1211 2117 1238 ι

654 1331 683 1380 ,,
716 1277 765 1356 de
795 1299 907 1354 more
937 1269 1069 1353 velino
1097 1267 1294 1380 satagite,
1323 1275 1550 1358 constantes
1578 1279 1619 1360 in
1647 1306 1697 1360 ca
1726 1275 1832 1374 fide,
1871 1306 2003 1390 quam

654 1449 685 1492 ‚,
715 1391 792 1472 huc
817 1384 945 1497 usque
970 1409 1367 1484 incontaminatam,
1410 1389 1814 1486 immarcescibilem,
1857 1397 1897 1478 bt
1933 1421 2006 1476 ac*
2116 1489 2117 1492 a

657 1558 687 1604 „
719 1525 877 1614 ceptam
907 1502 1135 1593 inCoelra,
1163 1499 1311 1584 Divina
1340 1527 1592 1616 cooperante
1620 1508 1782 1616 gratia,
1800 1502 2002 1590 servastis.

655 1627 685 1718 ¹„
716 1617 893 1699 Solliciti
922 1617 1083 1725 insuper
1115 1619 1265 1709 estote,
1297 1616 1338 1700 δι
1383 1623 1547 1726 vigilate
1585 1618 1842 1732 nequidem
1887 1619 2004 1705 odor
2116 1681 2117 1724 p

609 1730 614 1746 Ι
648 1787 684 1836 ”’
710 1759 797 1818 “lm
828 1725 977 1844 P‘ffiffl¹
1003 1727 1143 1812 ffl⁰1bl
1172 1756 1309 1814 aerem
1344 1733 1518 1824 vestrum
1553 1731 1865 1819 saluberrimum
1904 1760 2002 1818 cot·
2116 1727 2117 1760 l

654 1905 684 1948 ‚‚
717 1869 903 1959 rumpat,
932 1849 995 1928 cui
1026 1841 1052 1926 fi
1083 1846 1147 1928 vel
1178 1853 1365 1928 minimus
1394 1847 1557 1934 daretur
1572 1852 1733 1946 aditus,
1770 1851 1887 1934 illtcb
1915 1877 2000 1932 ma·

655 1981 831 2061 ,3x1mo
863 1955 1070 2072 progtellu
1101 1957 1171 2070 pir
1199 1957 1381 2044 Pisanum
1410 1989 1551 2069 agrum
1578 1965 1766 2076 lecpete,
1801 1989 1898 2045 mox
1929 1990 2000 2046 vo·

656 2132 684 2176 ,‚
717 2077 779 2161 bis
806 2082 951 2161 intima
978 2095 1224 2186 penetrare,
1270 2101 1317 2157 ae
1348 2072 1512 2158 demum
1540 2075 1769 2162 universum
1796 2081 1998 2190 populum

656 2247 685 2292 „
714 2189 947 2276 subvertere
978 2187 1187 2273 nonlecus
1218 2185 1523 2275 aclermentum
1551 2219 1680 2302 pareo
1708 2197 1911 2303 temporie
1942 2195 2000 2276 in·

655 2358 686 2402 „
717 2305 892 2391 teruallo
919 2303 1075 2388 farinae
1103 2309 1331 2390 immixtum
1348 2309 1443 2401 ,ge
1460 2332 1561 2416 ,quo
1592 2309 1684 2392 latis
1717 2306 1991 2413 Evangeliila‚

656 2475 686 2520 ‚,
718 2423 758 2504 br
787 2422 838 2502 ad
855 2421 1032 2502 nostram
1050 2417 1281 2503 doctrinam
1311 2418 1660 2530 profanantibus
1689 2418 1881 2502 omnibus
1917 2443 1996 2502 non

651 2586 689 2631 „
718 2537 1060 2647 praetermitteret
1084 2586 1097 2624 ,
1119 2535 1237 2640 quod
1260 2536 1374 2616 ¹Deus
1405 2537 1580 2634 omniob
1605 2553 1790 2628 avertat,
1813 2533 1857 2618 ὅτ
1884 2537 1995 2617 mini-

651 2701 691 2746 „
722 2642 1068 2758 me'sequuturum
1096 2647 1327 2756 speramus3
1354 2653 1573 2760 plurimum
1604 2673 1780 2760 natuque
1799 2645 1927 2747 lidei,
1955 2649 1992 2732 8ῑ

654 2814 689 2862 4,
722 2766 971 2848 constantiae
998 2763 1152 2844 vestrae
1181 2761 1455 2858 confidimui,
1484 2791 1665 2874 quotum
1712 2769 1988 2869 integerrimae

658 2926 688 2974 „
717 2880 849 2975 vitae,
875 2899 998 2985 atque
1028 2875 1259 2983 Religionis
1284 2877 1562 2977 orthodoxae
1600 2877 1836 2963 testimonia
1861 2899 1981 2987 quam·

658 3042 689 3092 „
721 2993 1030 3105 plurimaetiam
1066 3018 1175 3075 nunc
1204 3018 1299 3101 prae
1330 2990 1761 3076 manibus'brbemus.
1792 2994 1989 3075 Praeterea

657 3158 689 3207 „
719 3103 1016 3190 univcrfitatcm
1047 3108 1471 3201 vcstrameuoramus,
1497 3128 1617 3303 arpue
1645 3110 1686 3189 in
1715 3104 1902 3187 Domino
1920 3100 1994 3185 sol·
2034 3189 2039 3200 ,

660 3270 690 3315 ,,
722 3220 832 3306 licite
866 3218 1106 3315 hortamur,
1131 3240 1172 3301 ut
1202 3228 1253 3301 A.
1281 3218 1507 3303 titatiffimo
1553 3224 1645 3303 ratri
1665 3218 1808 3301 nolito
1835 3218 1997 3299 Floren-

658 3385 690 3437 2,
720 3336 813 3417 rino
840 3334 1077 3447 Episcopo,
1098 3340 1172 3442 -qui
1201 3340 1437 3441 contagium
1464 3358 1544 3434 tam
1574 3334 1847 3443 pernioiolum
1874 3358 1896 3413 e
1921 3356 2003 3413 mr·

661 3497 692 3541 ‚,
723 3448 798 3529 clio
827 3448 882 3533 sui
910 3452 1046 3558 gregis
1073 3444 1231 3529 aufer-re
1276 3474 1350 3557 pto
1382 3444 1491 3558 polle
1533 3468 1743 3538 conatur,
1770 3442 2000 3529 auxilium,

660 3608 690 3654 „
721 3561 925 3655 vestrum,
966 3565 1029 3643 cui
1060 3560 1232 3643 multum
1262 3561 1343 3668 ipse
1378 3558 1584 3654 con-fidit,
1619 3557 1862 3669 impendere
1892 3557 2005 3641 beni·

660 3678 801 3785 „gne
829 3674 1055 3783 dignemini
1079 3676 1121 3755 in
1149 3670 1338 3756 omnibus
1355 3672 1439 3768 lais,
1469 3700 1571 3781 quae
1598 3674 1649 3755 ad
1684 3697 1787 3781 opus
1803 3694 1886 3753 tam
1913 3675 2005 3753 Deo

655 3836 692 3883 .,‚
723 3810 886 3893 gratum
915 3786 1208 3899 suscipiendum
1242 3782 1637 3885 neceffariamodo,
1666 3789 1711 3871 nr
1737 3810 2003 3895 opportunas

660 3950 692 3999 „
724 3898 815 3983 fore
857 3899 1047 3984 discretio
1086 3900 1213 3983 uestra
1244 3904 1512 4008 cognoverit.
1544 3898 1612 3979 De
1655 3925 1733 4008 qua
1775 3925 1819 3980 re
1850 3900 2008 4005 largam

663 4066 694 4110 „
723 4015 841 4098 vobis
869 4012 1078 4102 bonorum
1107 4018 1290 4097 omnium
1334 4014 1510 4123 largitor
1551 4012 1663 4097 Deus
1691 4012 1921 4094 mercedem
1951 4040 2011 4095 rc·

661 4179 692 4224 „
722 4127 903 4223 tribuet,
929 4134 968 4215 be
987 4130 1258 4239 patrocinium
1276 4126 1444 4210 sanstae
1461 4130 1675 4213 Romanae
1705 4128 1845 4221 Sedis,
1870 4125 1911 4208 br
1942 4154 2013 4209 no·

663 4291 693 4335 a,
723 4238 846 4327 strum
874 4242 1104 4329 favorabile
1128 4240 1284 4354 semper
1311 4244 1352 4323 in
1384 4238 1757 4355 oppprrunitaribus
1788 4241 1927 4322 vestris
1948 4268 2015 4323 ea·

663 4403 694 4449 „
725 4362 847 4547 periri
862 4410 874 4449 ,
891 4360 934 4441 bt
955 4358 1480 4469 repromittereporeritis,
1506 4356 1599 4437 Nos
1630 4360 1793 4438 tandem
1815 4355 2015 4436 orationi-

666 4518 696 4566 „
757 4472 1224 4581 usveilrisetiamatque
1251 4476 1375 4553 etiam
1393 4468 1772 4557 recommendantes
1801 4469 2015 4579 Apostoli·

664 4607 714 4686 „·
730 4606 818 4667 cam
858 4585 989 4668 ruilus
1015 4586 1346 4673 benedictionem
1364 4582 1503 4682 vobis,
1534 4580 1830 4675 &universitati
1861 4582 2016 4778 velli-rae

1299 4716 1304 4725 ¹
1567 4736 1569 4740 ’
1852 4748 1882 4793 ot
1932 4720 1969 4777 Ῑ·
