4292 5875
391 735 395 742 ,
617 636 1099 722 HISTORIA.
1390 665 1473 742 ηρ

162 772 222 828 rna
251 749 298 828 ni
317 767 467 860 pareva
500 753 670 857 mouerſs
692 747 731 829 n·
767 750 891 840 letto,
929 747 1060 830 areldi
1090 743 1276 854 [decima
1320 742 1518 855 septima-2

157 862 269 970 Junii
298 865 393 944 anni
425 871 540 942 1161.
559 866 575 964 J
592 865 656 943 che
676 859 789 974 passo*
821 865 866 949 S.
897 867 1066 947 Ranieru
1095 860 1135 944 da·
1161 865 1289 970 questa
1313 866 1434 954 vita,
1458 896 1520 944 re-

148 975 214 1078 sta*
240 977 383 1086 affarea
411 970 555 1057 labero.
592 982 639 1058 in
676 980 788 1059 Aeris
818 974 996 1060 eiusdem
1027 979 1161 1060 Sansli
1201 973 1310 1083 apud
1352 977 1520 1058 Bollan.

159 1085 306 1172 dianos
336 1097 400 1193 (1)
432 1113 514 1170 non
538 1089 685 1194 legitur
731 1087 920 1200 quidem,
952 1094 1162 1176 thlanum
1204 1086 1365 1172 duobus
1396 1095 1515 1172 annia

155 1203 336 1308 graviter
374 1196 619 1310 aegrotasse,
657 1227 937 1287 verumtamen
975 1230 1066 1288 curn
1110 1202 1152 1286 in
1194 1206 1242 1285 iis
1298 1227 1516 1304 narretur,

158 1313 275 1422 quod
313 1317 382 1401 ille
413 1314 585 1426 quadie
628 1344 698 1400 cor
758 1315 1042 1402 ssanetiffimi
1092 1312 1347 1404 Confessons
1388 1337 1520 1399 tumu‘.

158 1425 288 1511 latum
321 1426 492 1529 fuimus
513 1346 775 1514 calabrensi»
806 1431 961 1540 Massam
985 1435 1132 1527 venir,
1168 1458 1282 1543 quam
1308 1459 1377 1509 nec
1403 1437 1519 1542 priua
1583 1423 1586 1433 ’

152 1561 224 1648 per
246 1543 408 1644 mustene
434 1569 698 1642 cantaverat,
734 1574 804 1627 nec
829 1572 874 1659 pa
910 1573 954 1629 ea
974 1571 1047 1658 per·
1067 1546 1223 1656 longum
1245 1566 1394 1655 tempus
1426 1572 1519 1624 carr·

156 1661 274 1740 sauir
292 1655 389 1768 suae
417 1659 543 1766 cauffa
566 1660 822 1767 infirmitatis
835 1697 853 1762 ,·
881 1663 1124 1768 relinquitur
1153 1658 1312 1768 semper
1340 1663 1455 1740 locus
1483 1652 1513 1740 fi

156 1775 291 1854 miuus
328 1774 569 1864 reficiendi,
606 1768 748 1857 saltem
778 1774 1040 1858 vehementer
1084 1769 1298 1855 dubitandi
1336 1769 1388 1852 de
1432 1773 1511 1852 Ar·

156 1882 405 1997 chieptscopi
434 1885 486 1970 ad
516 1885 805 1996 Guespbonem
841 1888 1091 1998 Legatione,
1123 1915 1226 1998 quae
1254 1911 1307 1968 ex
1333 1883 1517 1968 receuti.

156 1991 255 2089 bur‚
293 2019 379 2081 non
407 2026 459 2082 ex
492 2003 666 2112 antiquis
692 2007 965 2088 monumentis
998 2000 1118 2085 nobis
1145 1999 1342 2108 affulget.
1519 2096 1522 2102 ¹

212 2115 321 2198 Cum
351 2113 591 2198 Alexander
615 2116 777 2226 sss..qui
794 2121 953 2200 Romae
968 2139 1140 2228 propter
1153 2115 1502 2198 schismaticorum

154 2221 380 2312 seditiones
396 2231 576 2340 quietam
609 2234 732 2311 vitam
748 2227 963 2337 transigere
992 2227 1212 2339 nequibat,
1239 2255 1352 2312 anno
1384 2239 1506 2311 1161.

153 2336 389 2427 decrevisset
416 2349 457 2422 in
483 2343 661 2424 Galliam
691 2339 916 2453 proficisci,
950 2368 1069 2454 atque
1098 2341 1281 2436 idcirco,
1314 2363 1359 2424 ut
1397 2345 1507 2423 navi·

151 2459 309 2559 gationi
340 2453 418 2539 sese
448 2456 755 2550 committeret,
798 2457 1064 2540 Terracinam
1108 2451 1291 2546 adiisset,
1337 2452 1504 2538 Pisana..

152 2564 398 2676 Respublica
429 2593 483 2649 eo
506 2566 611 2652 mifir
640 2568 852 2652 Vilsauum
881 2573 1094 2662 instruile,
1125 2593 1351 2674 ornataque
1382 2569 1503 2659 navi,

150 2679 197 2761 iu
229 2707 351 2790 quarn
377 2681 486 2764 idem
504 2681 583 2793 ipse
609 2682 822 2780 villanus,
850 2683 1148 2770 &Alexander
1175 2679 1506 2765 conscendentes

137 2815 352 2880 ¹uenerunt
377 2798 513 2905 primo
539 2791 823 2888 Plumbinum‚
849 2821 935 2903 quo
961 2799 1004 2878 in
1032 2793 1193 2907 oppido
1220 2791 1511 2900 Archiepisco-

148 2928 225 3016 pur
255 2905 417 2992 summis
441 2907 668 2993 bonoribus
693 2905 828 2995 affecit
854 2907 1227 3010 Pontificem3tum
1257 2905 1506 2993 accesserunt

149 3018 204 3101 ad
234 3020 375 3122 Vada,
401 3020 551 3105 deinde
576 3022 799 3107 Liburnum
826 3028 1069 3135 appulerunt
1094 3032 1184 3127 (2).
1217 3022 1504 3104 Alexandrum

149 3156 226 3243 per
244 3138 403 3243 aliquot
430 3138 518 3218 dier
549 3133 703 3219 ibidem
734 3133 948 3223 constitisse
965 3136 1167 3220 existimat
1195 3135 1507 3219 Paulluthon·

148 3248 233 3328 ciue
258 3258 350 3357 (3).
377 3250 459 3332 Sed
494 3253 788 3357 Marangoniur
817 3257 898 3354 (4),
951 3254 992 3335 δι
1034 3250 1247 3332 Arrostius
1270 3255 1329 3353 (5)
1347 3252 1501 3355 ajunt,

147 3357 316 3444 Pisanos
342 3363 543 3449 Consules
582 3360 771 3447 recusasse
803 3360 1046 3449 Pontificem
1078 3361 1243 3471 ingredi
1273 3362 1500 3445 liburnum

131 3528 137 3538 -
148 3496 319 3585 propter
348 3478 601 3561 Friderieum
633 3478 957 3589 Imperatorem,
983 3482 1024 3562 in
1052 3480 1165 3585 cujus
1192 3473 1335 3559 odium
1374 3472 1414 3559 se
1446 3474 1504 3557 ob

145 3586 190 3667 id
218 3589 448 3675 incursurus
475 3588 549 3677 else
571 3589 797 3690 sciebant:
816 3592 1094 3700 quamobrem
1122 3590 1174 3675 ad
1208 3608 1375 3699 portum
1415 3586 1501 3669 Ve-

142 3702 256 3783 netia
282 3702 507 3787 concessisse
533 3732 612 3790 una
642 3732 734 3789 cum
758 3706 958 3802 villano,
986 3709 1056 3816 qui
1084 3703 1210 3813 usque
1238 3707 1282 3787 io
1312 3701 1497 3786 Galliam

145 3836 240 3893 cum
272 3818 536 3925 prosequutus
557 3822 613 3905 est
628 3874 639 3912 ‚
657 3845 743 3929 quo
756 3816 826 3903 sub
841 3823 1004 3905 initium
1021 3814 1163 3901 mensis
1177 3896 1180 3901 ,
1193 3818 1348 3931 Aprilis
1372 3827 1450 3896 116
1460 3843 1493 3895 2.

122 3930 360 4035 pervenit.
388 3929 456 4015 Ad
489 3932 779 4039 ambigendum
809 3932 862 4017 de
890 3934 971 4017 hoc
1003 3933 1160 4021 Villani
1188 3934 1337 4016 itinere
1373 3915 1503 4010 addu.

146 4064 240 4124 cere
276 4068 524 4154 quemquam
553 4044 723 4132 fortassis
753 4044 908 4159 possent
936 4048 1061 4133 verba
1087 4073 1136 4130 ea
1168 4049 1282 4132 Actia
1315 4044 1357 4125 S.
1392 4046 1498 4171 Ilay·
1542 4100 1549 4113 1

123 4196 127 4206 Δ
1334 4180 1438 4239 nertr

142 4292 192 4375 (s)
216 4304 245 4360 T.
262 4308 319 4364 m.
336 4306 420 4385 Junii
439 4306 478 4363 ad
497 4304 568 4363 diem
592 4322 637 4373 ¹7·
654 4318 724 4381 rap.
740 4318 786 4359 ra.
804 4300 870 4361 An.
889 4312 955 4383 pag.
969 4318 1038 4380 453.
1163 4365 1165 4374 Ι

146 4386 189 4449 (²)
211 4378 342 4446 Consule
363 4384 596 4464 Marangonium
620 4386 670 4443 eor.
684 4388 751 4461 333.

146 4461 196 4537 (3)
219 4472 279 4541 Pag·
304 4472 371 4528 106.

146 4540 196 4616 (4)
217 4541 342 4603 ibidem.
922 4581 927 4594 i

145 4626 195 4703 (5)
215 4625 347 4706 §ruricho
364 4625 396 4682 di
420 4628 478 4704 Pisa
500 4628 587 4685 MSS.
609 4622 657 4685 m.
679 4646 706 4687 r.
722 4628 774 4706 fol.
797 4630 844 4689 28.
864 4630 1030 4688 Servantur
1053 4622 1086 4686 in
1110 4619 1279 4686 'tabulario
1305 4614 1497 4701 publicolae·

224 4718 269 4775 rur
286 4702 447 4784 Civitatis,
467 4704 547 4789 quod
570 4709 772 4775 communiter
789 4709 899 4771 dicitur
922 4706 1156 4790 salcaneellaria
1175 4703 1218 4765 se'
1241 4704 1348 4784 Signun'
1368 4698 1454 4761 trieri
1465 4733 1475 4755 .
1517 4738 1526 4753 .
