4292 5875
676 534 755 636 258
927 531 1106 615 ECCL
1128 529 1351 619 Estne
1388 531 1714 620 PISANAB

610 639 822 728 barionem
865 641 1063 730 afferunt.
1093 646 1204 728 Illud
1235 649 1492 754 exploratum
1521 649 1602 738 est,
1640 649 1817 732 vitalem
1847 673 1971 760 gene·

609 785 682 851 re,
707 759 747 841 dr
783 759 944 840 morum
975 750 1183 867 probitate
1210 756 1467 844 clarillimum
1498 757 1638 860 luisse3
1669 763 1972 850 bucheriae&

601 869 794 956 tiliorum
833 869 1012 954 sedulam
1047 877 1278 955 litterarum
1310 874 1449 956 studiis
1490 901 1658 983 operam
1696 874 1879 972 navasse,
1919 905 1968 964 ac

603 989 659 1069 ita
694 981 965 1093 profecissent
987 991 1198 1069 Bononiae
1216 987 1475 1096 praesertim,
1492 989 1558 1071 ubi
1575 990 1722 1074 Liuor
1747 988 1851 1086 suit,
1882 1018 1971 1078 rna·

602 1125 730 1209 gnum
762 1123 913 1181 nomen
945 1094 1013 1180 fibi
1053 1107 1396 1208 comparaverit:
1425 1103 1526 1186 haec
1556 1110 1696 1186 omnia
1736 1131 1875 1213 patent
1913 1133 1967 1190 ex

601 1211 860 1324 sequentibus
890 1213 1142 1296 carminibus
1175 1215 1401 1325 epitaphii,
1432 1214 1546 1329 quod
1587 1213 1735 1301 Vitatis
1770 1218 1965 1333 sepulcro

599 1331 727 1413 incidi
755 1329 909 1410 curavit
946 1327 1088 1410 Guido
1113 1330 1199 1435 ejus
1235 1353 1365 1438 nepos
1397 1354 1408 1411 ε

598 1500 601 1506 ’
708 1501 917 1606 Sanguine
942 1495 1073 1578 clarus
1099 1522 1218 1593 erat,
1239 1495 1316 1606 sed
1343 1527 1488 1578 morum
1515 1497 1689 1610 lampade
1726 1497 1854 1612 major

673 1667 677 1674 ·
709 1616 913 1721 Ingenuus
933 1607 1135 1722 praeceffit
1163 1643 1264 1697 avos
1288 1608 1334 1691 de
1351 1611 1470 1725 fonte
1497 1613 1697 1725 Sopbiae3
1764 1618 1768 1627 ’

708 1725 881 1836 Parifias
900 1730 1067 1838 potavit
1092 1753 1241 1839 aquas,
1267 1753 1365 1834 quae
1389 1723 1575 1837 prodigas
1602 1727 1738 1824 imber,

711 1839 803 1924 Inde
833 1843 1029 1922 Bononiae
1056 1839 1168 1952 large
1199 1836 1363 1952 diffudit
1391 1843 1436 1918 in
1484 1869 1627 1950 ageos.

659 2006 706 2087 ln
743 2023 914 2121 partiam
957 2006 1136 2092 reversus
1166 2010 1303 2118 primo
1345 2005 1547 2121 Ecclesiae
1592 2005 1760 2114 majoris
1798 2003 1963 2090 Pisanae

599 2124 862 2222 canonicus,
887 2123 1036 2206 deinde
1062 2120 1248 2218 rescissa,
1286 2124 1326 2207 dt
1355 2121 1553 2230 abrbgatt
1584 2118 1844 2235 Alepraedini
1870 2121 1962 2201 ele·

600 2237 746 2352 sirone
766 2266 837 2350 per
865 2239 1122 2346 Hugolinum
1150 2237 1440 2328 cardinalem,
1462 2236 1803 2346 Archiepitcopus
1829 2229 1958 2317 sadus
2036 2234 2043 2245 '

601 2353 684 2432 est.
724 2356 972 2436 Err‘lirteris
1014 2359 1078 2457 (ι)
1119 2351 1299 2434 Honoris
1342 2352 1525 2444 constat,
1579 2349 1728 2433 Vittlis
1768 2347 1969 2430 eleslioni

599 2469 825 2550 nonnullos
853 2465 1110 2578 repugnasse,
1132 2463 1493 2550 Bartholomaeum
1523 2489 1696 2575 nempe,
1730 2487 1965 2571 quantum-i

599 2581 812 2683 comitere
842 2584 965 2673 licet,
1001 2581 1043 2663 dr
1072 2583 1177 2662 altos
1220 2583 1462 2664 Canonicos
1498 2573 1691 2670 Pisanos,
1730 2600 1836 2683 quos
1882 2601 1961 2683 pto

597 2691 868 2802 Aleprandinn
894 2691 1036 2777 lletille
1064 2693 1412 2804 vidimuspaullo
1439 2694 1533 2776 inte
1549 2720 1566 2792 3
1598 2689 1665 2776 sed
1696 2717 1788 2774 cum
1822 2687 1965 2770 Ponti·

597 2800 685 2886 licis
714 2812 872 2912 gratia,
898 2809 940 2891 dt
966 2805 1256 2891 benevolentia
1286 2830 1499 2900 ureretur,
1527 2831 1673 2888 omnes
1698 2797 1959 2895 difficultates

598 2921 724 3012 vicit,
752 2948 799 3005 tc
827 2944 1036 3031 praeterea
1063 2919 1245 3004 obtinuit
1265 2920 1318 3004 ab
1345 2922 1545 3005 Honorio
1568 2946 1685 3005 anno
1718 2925 1839 2999 1218.
1867 2940 1969 2997 con·

596 3024 874 3115 firmationem
895 3040 1081 3119 omnium
1097 3037 1410 3145 privilegiorum
1426 3088 1439 3127 ‚
1458 3039 1565 3144 'quie
1595 3062 1618 3115 e
1639 3031 1829 3115 'Summis
1859 3035 1967 3112 Pon·

595 3138 773 3239 cilicibus
801 3150 1014 3233 Antistites
1041 3148 1153 3231 illius
1178 3144 1403 3230 decessores
1430 3146 1667 3253 consequuti
1696 3141 1890 3235 fuerant,
1917 3162 1964 3225 ut

595 3256 966 3351 in'Dillertatione
994 3266 1156 3373 praevia
1186 3252 1434 3345 narravimds
1451 3291 1462 3360 ;
1494 3263 1536 3345 δι
1567 3256 1802 3359 facultatem
1828 3257 1960 3363 impe·

592 3380 724 3453 travit·
744 3372 966 3483 delegandi
996 3381 1036 3459 in
1065 3372 1131 3460 sua
1164 3372 1353 3463 Dioecefi
1373 3376 1561 3486 Judicem
1578 3376 1760 3464 laicum,
1790 3395 1969 3453 coram:

592 3500 679 3589 quo
708 3485 862 3571 Clerici
895 3518 916 3571 a
957 3489 1074 3571 laicis
1102 3492 1292 3597 postulati
1333 3484 1479 3571 caussas
1507 3488 1689 3572 dicerent
1728 3487 1843 3595 juxta
1885 3484 1966 3567 Ec·

591 3592 731 3683 cleliae
747 3602 933 3702 d‘isanae
965 3600 1302 3689 consuetudinem
1327 3608 1425 3708 (2).
1450 3654 1455 3671 ·
1566 3666 1569 3674 .

599 3714 601 3723 ’
959 3740 1001 3755 ··
1043 3744 1049 3755 ·
1425 3758 1429 3764 -
1807 3714 1912 3796 Pau·

582 3854 636 3938 (ι)
658 3860 752 3941 Apud
777 3854 959 3943 Ughelliom
978 3872 1009 3925 Τ.
1037 3874 1099 3927 m.
1125 3868 1159 3926 in
1180 3864 1394 3945 Aecliepiscapis
1419 3863 1532 3941 Pisaeis·
1547 3869 1597 3927 eol.
1624 3866 1719 3943 428.,·
1746 3880 1821 3947 quas
1854 3859 1963 3935 laudat

587 4012 590 4022 ¹
664 3942 761 4004 etiam
775 3944 925 4008 Troncius
947 3949 1066 4005 Annali
1077 3948 1172 4024 Pisani·
1185 3960 1252 4025 pag.
1271 3948 1387 4019 184.1n
1406 3942 1452 4009 bis
1475 3962 1579 4010 aurem
1594 3947 1749 4008 Honorius
1761 3942 1799 4007 stc
1824 3942 1964 4005 vitalem

663 4021 837 4105 alloquitur
847 4023 1032 4100 „Dolenter
1047 4024 1262 4107 compellimur
1274 4024 1459 4101 exclamare,
1473 4030 1612 4108 poenitet
1635 4042 1688 4086 nos
1708 4024 1868 4087 hominem
1880 4020 1963 4085 hune

654 4144 689 4181 1,,
710 4099 835 4178 secisse,
856 4122 923 4167 cum
945 4120 1067 4183 propter
1091 4105 1167 4167 haec
1181 4104 1221 4167 de
1236 4118 1269 4167 te
1287 4124 1346 4167 non
1369 4104 1520 4169 modicum
1542 4104 1833 4181 confundamur,&
1853 4104 1967 4165 adver·

664 4192 690 4258 ᾗ,
710 4180 782 4245 sirii
804 4182 848 4245 tui
876 4198 982 4247 contra
1005 4202 1081 4261 nos,
1110 4186 1162 4268 qui
1184 4187 1443 4265 repromovimus
1473 4188 1533 4257 ,ιδ
1559 4187 1835 4264 archiepiscopatum
1848 4229 1875 4259 „
1898 4201 1967 4244 rna·

666 4304 691 4337 „
711 4262 821 4323 teriam
842 4259 976 4325 habeant
1002 4262 1194 4341 insultandi;
1219 4264 1364 4328 nonnulli
1392 4271 1532 4329 Fratrum
1556 4262 1723 4328 nostrorum
1750 4263 1838 4327 nobis
1862 4262 1895 4326 in
1918 4260 1966 4324 st·

668 4380 691 4417 ,‚
711 4341 788 4429 ciem
807 4338 868 4417 jnm
893 4341 1004 4424 pluries
1025 4341 1204 4407 insultarint
1226 4364 1346 4421 exeo,
1369 4345 1450 4427 quod
1478 4344 1669 4427 spostolicae
1691 4344 1799 4421 Sedis,
1821 4345 1855 4405 dt
1874 4340 1967 4405 nobis

668 4458 692 4492 „
713 4432 745 4481 te
772 4422 950 4484 indevotum
976 4420 1013 4485 sic
1031 4422 1161 4487 exhibes
1180 4470 1190 4500 ‚
1211 4426 1243 4486 dt
1266 4424 1425 4503 ingratum
1447 4473 1469 4501 ,‚
1492 4447 1502 4488 a
1523 4428 1556 4489 dr
1577 4426 1681 4507 paullo
1693 4423 1755 4507 poll
1772 4420 1964 4513 ¹subiungier

671 4540 694 4574 „
715 4497 769 4560 vix
796 4496 857 4559 line
879 4500 998 4575 nostra,
1053 4504 1075 4567 ti
1102 4518 1134 4567 te
1163 4503 1317 4567 nonnullis
1337 4505 1634 4586 contradicentibus,
1658 4508 1692 4571 dt
1711 4504 1821 4571 invitis
1839 4518 1967 4583 promo·

595 4586 604 4596 “
670 4578 815 4657 „vimus
841 4576 936 4657 polles
957 4522 1133 4647 conllrbone
1152 4582 1319 4647 confundi.

591 4657 643 4741 (a)
665 4656 819 4728 Videatur
840 4658 1019 4739 raynaldus
1041 4664 1082 4725 erl
1100 4682 1215 4729 auum
1239 4664 1325 4727 ωδ.
1349 4678 1492 4741 ιαμ.
