4292 5875
709 605 783 710 τρι
957 585 1375 690 recreetur:
1430 603 1758 692 rttnurr

642 711 926 802 Antiochenam
950 717 1087 800 Urbem
1100 719 1185 830 stra
1201 719 1253 822 est
1280 749 1364 799 cnm
1385 720 1612 831 ingentibus
1621 720 1821 838 praediis,
1844 718 2000 813 (rmus.

634 838 694 914 tis
734 830 975 925 redditibus,
1009 831 1273 943 consentiente
1305 831 1452 916 domino
1494 837 1693 920 Bernardo
1736 834 1902 950 ejusdem
1926 839 2002 922 loci

641 947 901 1045 Parrrarcbn,
944 946 1168 1049 liberaliter
1194 944 1439 1056 afflgnavir,
1466 948 1601 1057 inquit
1643 950 1877 1037 willelmus
1916 954 2001 1060 Ty.

644 1064 729 1144 rius
757 1075 847 1166 (r),
875 1067 937 1143 cui
967 1087 1105 1144 tamen
1134 1057 1307 1144 assentiri
1338 1068 1578 1174 nequimus,
1606 1065 1703 1150 dum
1732 1071 1813 1160 ait,
1851 1069 2000 1152 Antio-

646 1173 760 1256 (hiae
791 1179 1049 1285 Principem,
1077 1179 1147 1286 qui
1161 1174 1447 1260 Daimbcrtum
1467 1182 1640 1289 excepit,
1669 1177 1781 1265 fuisse
1798 1170 2001 1264 Bormon-

644 1291 776 1385 dum3
818 1287 884 1370 hic
911 1300 1022 1372 enim
1065 1316 1178 1372 enno
1213 1321 1342 1400 1103,
1369 1319 1452 1402 quo
1479 1295 1709 1380 Patrierchr
1749 1296 1886 1380 noster
1911 1295 2002 1380 An·

646 1401 843 1486 tiochiem
891 1403 1223 1502 accessit,rdhuc
1254 1413 1296 1486 in
1326 1411 1514 1492 servitute
1543 1408 1729 1510 vivebat,
1752 1407 1916 1518 ejusque
1943 1411 2008 1492 vi·

642 1541 709 1600 ces
750 1513 917 1624 gerebat
935 1518 1051 1629 ipsius
1080 1519 1673 1626 consanguineustancredus,
1701 1526 1769 1638 qui
1797 1549 1878 1606 une
1906 1551 2000 1606 cum

611 1665 614 1673 “
646 1629 854 1714 Balduino
891 1632 936 1714 se
961 1633 1326 1750 Burg,erlelmo
1350 1640 1515 1719 Comite
1542 1635 1813 1731 pictaviense,
1843 1635 2004 1724 &Wit-

647 1746 776 1830 lelmo
806 1745 1080 1860 Carpenrarro
1109 1777 1179 1860 per
1212 1749 1540 1858 Legitumeniue
1564 1759 1720 1860 rogavit
1747 1758 1811 1858 (2)
1841 1753 2000 1837 Beldui-

651 1885 748 1942 num
778 1865 965 1970 Regem,
992 1891 1035 1946 ut
1078 1861 1364 1946 Daimbertum
1395 1873 1436 1948 in
1480 1870 1652 1972 gretiam
1696 1855 1932 1975 r'eciperet,
1957 1871 1998 1950 δι

646 1975 698 2056 ad
728 1977 834 2057 luem
862 1981 1069 2087 pristinam
1104 1973 1320 2071 Ecclesiam
1354 1981 1579 2061 restitueret
1607 2007 1617 2060 ε
1651 1980 1767 2089 quod
1807 1982 1922 2071 Rex,
1953 1986 2000 2064 li-

650 2109 717 2172 cet
747 2096 893 2198 aegre,
914 2089 1048 2174 secere
1076 2117 1211 2176 tumen
1237 2090 1475 2202 spopondit,
1502 2093 1731 2182 dummodo
1767 2093 1807 2178 id
1836 2095 2000 2205 probas-

640 2199 698 2286 set
729 2204 937 2292 Robettus
975 2207 1213 2292 Cordinalis
1253 2207 1432 2292 Romam
1461 2204 1671 2293 Pontificis
1712 2214 1755 2296 io
1794 2215 1997 2298 Oriente,

1817 2327 1944 2434 Lege:

709 2484 775 2567 poffe
795 2486 1068 2549 recomendeblmus.
1094 2491 1211 2551 Verum
1233 2484 1348 2550 idcirco
1374 2481 1542 2560 huiusmodi
1564 2487 1768 2552 testimonium
1789 2489 1902 2566 omissi,
1923 2508 1997 2574 quo-

712 2567 794 2630 niam
809 2563 898 2626 valde
922 2563 1074 2646 suspicor,
1097 2583 1279 2630 memoratus
1299 2568 1417 2633 litteras
1436 2567 1619 2650 apocryphos
1640 2569 1718 2632 else.
1742 2575 1820 2632 Cum
1840 2571 1925 2632 euim
1944 2572 1997 2630 de·

710 2663 762 2710 tre
783 2643 922 2710 dicantur
953 2667 1030 2710 anno
1051 2647 1181 2711 secundo
1204 2645 1397 2710 Pontificum
1420 2649 1587 2725 ratchius,
1609 2647 1670 2731 post
1691 2650 1841 2712 deciment
1856 2665 1995 2733 quartem

714 2725 822 2789 mensis
845 2727 969 2806 nugiisti
990 2729 1071 2791 diem
1095 2729 1164 2791 anni
1190 2753 1275 2790 uon.
1299 2729 1419 2809 scriptis
1444 2729 1529 2792 fuisse
1551 2727 1711 2792 oll'errmus
1741 2744 1887 2810 oportet,
1910 2728 1998 2814 siqui-

712 2809 783 2870 dem
804 2826 840 2869 ea
862 2805 911 2868 die
926 2805 999 2870 anni
1017 2829 1101 2874 tono.
1119 2805 1266 2873 Prschrlis
1286 2811 1316 2871 in
1332 2805 1507 2872 Pontificem
1530 2809 1694 2874 melenus
1714 2806 1833 2872 etl.At
1851 2811 2002 2892 quomodo

714 2885 864 2953 Paschnlis
885 2889 1020 2971 polliceri
1045 2891 1156 2953 Pismis
1175 2906 1244 2954 tunc
1263 2908 1400 2972 poterut,
1425 2890 1454 2953 se
1476 2895 1758 2955 commendaturum
1780 2891 1993 2955 Drimbertum

711 2967 898 3046 Godesrido,
923 2972 975 3052 qui
1004 2968 1065 3047 jam
1096 2972 1167 3033 inde
1189 2990 1204 3032 a
1226 2973 1276 3034 die
1300 2976 1346 3033 18.
1369 2971 1476 3034 mensis
1496 2972 1567 3052 Julii
1591 2987 1764 3036 extremum
1785 2972 1868 3035 diem
1899 2990 1997 3033 morte

712 3047 907 3127 coniecerat,
931 3066 963 3113 ut
987 3052 1171 3115 muratorius
1194 3056 1311 3112 Annali
1329 3055 1460 3113 d'tratia
1482 3056 1521 3113 ad
1540 3074 1613 3115 ann.
1636 3075 1723 3117 troo.
1755 3071 1796 3115 ex
1819 3051 1938 3133 Tyrio,
1966 3070 1998 3113 r·

713 3126 820 3211 liisque
842 3128 966 3193 vetustis
989 3130 1170 3194 trucioribus
1194 3130 1403 3195 demonstret?

630 3215 679 3289 (1)
701 3210 761 3273 Lib.
788 3232 834 3272 10.
856 3226 916 3289 cap.
941 3230 987 3285 ις.
1010 3214 1048 3272 ari
1068 3236 1140 3273 ann.
1165 3236 1251 3276 1102.
1268 3230 1333 3293 pag.
1352 3235 1421 3286 790.

629 3302 679 3377 (ι)
700 3289 845 3353 Albertus
867 3288 1014 3374 Aquenfis
1027 3294 1074 3353 lib.
1098 3314 1127 3362 9·
1142 3316 1172 3353 n.
1190 3314 1235 3367 ¹4·
1252 3311 1318 3374 pag.
1342 3312 1408 3369 331·
1426 3342 1449 3371 ‚,
1470 3307 1537 3358 erat
1562 3306 1663 3357 autem
1684 3291 1879 3373 Dagobertus
1900 3292 1934 3356 in
1949 3313 1999 3358 eo·

710 3418 732 3450 „
753 3370 891 3433 rum'dem
918 3373 1110 3453 egregiorum
1139 3375 1286 3438 comitutu
1320 3374 1498 3454 reprobetur
1519 3373 1556 3437 ab
1590 3374 1697 3435 eodem
1723 3380 1829 3453 Rege;
1857 3374 1910 3455 qui
1945 3380 1999 3437 Pr-

713 3496 735 3529 „
757 3449 937 3515 trirrchatus
957 3451 1141 3535 dignitatem
1164 3471 1344 3533 recuperare
1373 3453 1523 3517 arbitrans
1542 3474 1610 3517 cum
1632 3453 1799 3516 Tankrado
1818 3453 1931 3535 erlret
1950 3454 1999 3514 de-

713 3577 737 3609 „
757 3530 900 3595 scendere
927 3531 1090 3615 disposuit;
1121 3535 1201 3595 unde
1231 3533 1436 3610 Tankrrdus‚
1466 3539 1495 3597 dt
1520 3534 1717 3599 Balduwinus
1737 3535 1776 3597 de
1798 3540 1897 3615 Burg,
1925 3534 1998 3595 wil-

713 3658 735 3691 „
757 3609 906 3678 le'hclmus
924 3629 1045 3711 quoque
1067 3620 1179 3676 Comes
1194 3614 1337 3690 Pisiavii,
1355 3617 1529 3696 pariterque
1547 3612 1755 3677 willehelmus
1779 3615 1998 3694 carpentarius

710 3740 734 3773 „
756 3690 880 3755 confilio
901 3692 979 3756 inito
1007 3693 1139 3779 qualiter
1163 3694 1336 3759 Patriarchr
1358 3694 1530 3757 restituatur
1551 3698 1629 3776 Regi
1659 3694 1845 3773 legationem
1874 3695 1997 3756 direxe-

712 3819 735 3851 „
752 3787 847 3850 tunt,
868 3773 1015 3841 videlicet
1038 3788 1070 3837 ut
1095 3774 1300 3838 Putritrcham
1320 3775 1351 3835 in
1379 3774 1461 3837 strum
1483 3774 1593 3838 Sedem
1615 3774 1784 3848 relocaret,
1813 3774 1927 3856 alioqui
1949 3792 1999 3835 ne·

711 3900 734 3933 „
755 3871 906 3939 quaquam
928 3872 980 3918 eos
1001 3854 1031 3917 in
1062 3854 1209 3918 ultionem
1234 3853 1351 3918 suorum
1382 3852 1562 3918 Ascalonem
1597 3852 1675 3935 posse
1700 3853 1899 3916 descendere.
1932 3859 1998 3915 Rex

711 3980 733 4013 ‚‚
754 3933 860 3996 horum
883 3935 986 3997 audite
1008 3934 1162 4021 legatione
1179 3936 1293 3999 invitus
1314 3954 1418 3997 eorum
1440 3936 1575 4014 precibus
1585 3933 1749 4018 acquievit,
1771 3934 1897 3996 nimium
1922 3933 1999 3995 iodi-

713 4062 735 4093 ‚,
756 4026 866 4097 gnatus
884 4012 1028 4079 adversus
1052 4015 1256 4078 patriarcham
1279 4027 1412 4095 propter
1424 4014 1624 4079 subterratam
1648 4015 1826 4097 pecuniam.
1851 4022 1996 4079 Attamen

712 4142 734 4173 „
755 4092 879 4160 consilio
897 4092 1018 4159 suorum
1040 4094 1136 4158 villus
1157 4096 1298 4159 concessit
1319 4091 1487 4176 magnificis
1507 4095 1589 4159 illius
1608 4094 1869 4170 intercessoribus,
1887 4111 1924 4157 ut
1941 4094 1997 4173 pri-

712 4224 736 4255 „
757 4195 840 4239 mum
861 4172 1044 4239 Ascalonem
1071 4174 1256 4239 descendant
1276 4175 1418 4239 adversus
1440 4194 1543 4253 arma,
1567 4180 1598 4239 &
1625 4177 1738 4238 milites
1760 4175 1856 4255 Regis
1882 4173 1996 4237 Brbilo

712 4302 734 4333 „
756 4256 849 4332 nire,
884 4254 998 4319 dehinc
1013 4254 1044 4319 se
1067 4258 1171 4318 omnia
1191 4256 1231 4319 de
1258 4256 1428 4319 Patriarchr
1450 4274 1548 4338 aequo
1567 4253 1702 4333 judicio,
1722 4259 1753 4317 dt
1778 4253 1904 4317 consilio
1923 4252 1999 4335 ipso-

713 4382 736 4413 „
757 4354 823 4399 rum
843 4334 996 4399 acturum.
1027 4336 1176 4400 Decrevit
1196 4336 1290 4399 etiam
1320 4334 1518 4403 haecomnia
1539 4332 1605 4399 lieri
1629 4338 1772 4399 examine
1795 4333 1922 4397 Rnberti
1945 4342 1996 4395 Pn-

715 4462 737 4495 „
759 4412 883 4478 rifienfis
906 4413 1081 4479 cardinalis
1104 4416 1260 4498 Episcopi,
1281 4419 1313 4479 δι
1336 4420 1464 4494 Legati,
1515 4416 1545 4478 ui
1568 4417 1717 4480 Mauricio
1738 4416 1841 4497 nilquo
1861 4432 1994 4494 tempore

715 4542 737 4573 „
760 4508 896 4571 mortuo,
919 4514 935 4556 a
959 4495 1093 4559 Paschali
1117 4504 1255 4559 Romano
1278 4492 1424 4561 Pontifice
1444 4438 1545 4563 mlius
1566 4512 1694 4559 venerut
1714 4496 1753 4557 ad
1771 4490 1990 4564 discussionem,
2066 4516 2076 4540 ⁸

714 4623 736 4653 „
756 4578 786 4635 δι
812 4574 1029 4639 comestionem
1050 4596 1153 4639 rerum
1175 4579 1349 4643 illicitarum
1372 4576 1497 4643 sanetae
1510 4628 1520 4661 ,
1542 4574 1751 4643 &orientalis
1786 4572 1933 4641 Ecclefire
1963 4572 1991 4633 iu
2014 4599 2019 4613 ·

715 4701 736 4733 „
758 4654 803 4715 his
817 4654 1025 4718 Orientalibus
1053 4658 1171 4739 plagis.
