4292 5875
201 675 204 682 ,
438 611 488 674 ’.
592 591 1207 680 Httrot1n;“
1393 624 1505 705 a„

229 705 409 787 *vineoe
443 699 695 815 pollannos
724 733 772 789 err
806 727 950 788 amore
985 700 1204 803 Pontificio
1237 700 1389 790 excidit
1413 713 1560 796 Vitalic

189 812 250 901 ob
276 813 479 922 insrgnem
512 806 815 909 contumaciam
844 821 887 903 in
924 817 1139 928 Episcopo
1173 818 1408 929 praesertim
1439 829 1557 910 nullo
1669 868 1672 875 ·

189 931 310 1040 patio
348 929 588 1018 ferendam,
629 933 742 1018 lllius
782 927 951 1024 favore,
984 936 1050 1016 vel
1094 929 1236 1020 saltem
1288 936 1556 1022 conniventia

194 1044 435 1128 conditurus
467 1042 596 1129 suerat
624 1075 645 1129 a
674 1047 828 1132 Pisanis
858 1048 1048 1132 Civitatis
1080 1048 1259 1135 Potestas
1290 1045 1474 1133 Ubaldut
1503 1076 1553 1134 ex

194 1154 502 1242 vicecomitum
542 1184 690 1266 gente,
729 1185 850 1268 quem
877 1163 960 1267 jam
994 1161 1090 1242 inde
1126 1156 1179 1242 ab
1205 1187 1316 1246 anno
1349 1171 1470 1246 1218.
1498 1163 1555 1248 ob

192 1289 432 1382 occupatam
461 1273 667 1357 Sardiniae
693 1275 870 1358 insulam
898 1277 1087 1356 Summus
1112 1271 1304 1364 Pontifex
1320 1300 1453 1385 poena
1485 1303 1554 1360 ex-

197 1387 803 1476 communicationis-affecerat
832 1394 921 1491 (r).
958 1387 1005 1468 ld
1045 1391 1302 1497 summopere
1341 1387 1552 1496 displicuit

195 1501 420 1592 Honorio,
458 1504 530 1613 qui
560 1501 737 1612 proinde
769 1498 918 1611 stripfit
942 1497 994 1582 ad
1024 1498 1225 1590 Vicalem,
1255 1523 1300 1586 ut
1330 1497 1399 1583 nist
1426 1501 1551 1587 Cives

194 1616 329 1698 Pilani
359 1611 570 1699 Ubaldunr
599 1611 651 1696 ab
680 1611 821 1696 officio
851 1639 1139 1710 removerent,
1169 1613 1251 1725 ipsc
1293 1617 1552 1703 Civitatem,

194 1724 476 1812 Ecclefi'allico
511 1727 765 1823 luterdiolo,
804 1725 1039 1823 Ubaldum,
1071 1728 1238 1836 ejusque
1263 1720 1456 1812 ‘fautores
1483 1756 1554 1813 ex·

190 1843 568 1924 communicatione
594 1845 782 1951 puniret,
810 1844 1004 1951 illamque
1032 1862 1252 1952 percoram
1283 1840 1468 1935 Urbem,
1502 1869 1552 1926 ac

192 1949 408 2038 Dioecefim
443 1959 752 2067 promulgaret.
783 1956 926 2040 Vitalis
956 1955 1138 2038 Honoris
1171 1956 1332 2041 litterar
1361 1958 1548 2069 recipere

194 2071 357 2162 noluit,
387 2069 427 2152 ὅτ
456 2072 621 2165 nuncii,
642 2073 729 2181 'qui
758 2095 822 2150 eas
859 2067 1120 2160 detulerunt,
1157 2090 1200 2150 ut
1228 2074 1271 2151 in
1312 2069 1445 2152 domo
1481 2069 1551 2154 sut

191 2180 430 2266 verberibus
458 2182 702 2269 cederentur
717 2239 729 2278 ,
746 2181 950 2294 permisit.
974 2185 1178 2296 lncoepto
1192 2207 1276 2266 non
1296 2179 1451 2276 destitit
1465 2187 1553 2268 Ho-

194 2301 358 2390 norius,
376 2295 456 2380 ‘sed
483 2301 692 2406 negotium
708 2296 869 2380 cuidam
899 2299 1071 2379 Clerico
1090 2296 1278 2408 hpil'copi
1307 2297 1554 2382 Bethleemi-

193 2415 277 2494 tairi
310 2406 536 2505 commisit,
565 2413 634 2521 qui
663 2409 897 2496 Pontificias
915 2411 1070 2494 litteras
1100 2437 1238 2492 corana
1268 2411 1394 2494 Vitali
1423 2411 1550 2516 legit.

192 2529 274 2608 Hic
303 2543 561 2608 autemnon
603 2525 732 2608 minus
760 2549 882 2632 quam
913 2546 1031 2605 antea
1074 2522 1253 2611 llabilie,
1282 2525 1323 2608 δι
1363 2525 1553 2610 conslane

194 2665 282 2719 non
311 2637 439 2721 solum
462 2637 700 2746 respondit,
728 2639 827 2750 qaod
850 2637 953 2718 idem
979 2635 1184 2749 Episcopus
1210 2637 1255 2716 de
1280 2642 1337 2718 iis
1365 2635 1429 2718 boc
1455 2659 1555 2727 tem,

191 2777 285 2863 pore
307 2747 353 2861 se
383 2755 654 2834 intromittere
681 2781 755 2832 non
781 2749 983 2848 debebat,
1014 2756 1304 2836 verumetiam
1335 2751 1453 2836 nihili
1482 2749 1556 2833 du·

191 2863 519 2949 cens-Ecclesiae
555 2867 754 2951 Censurat
789 2891 875 2951 rem
907 2866 1103 2955 Divinam
1142 2859 1240 2951 Pisis.
1264 2862 1470 2956 faciebat,
1513 2863 1556 2947 bt

193 2983 647 3065 excommunicatorum
677 2978 968 3075 consuetudine
1014 2982 1055 3061 in
1103 2974 1297 3062 omnibus
1336 2975 1554 3061 utebatur,

198 3092 283 3176 Ubi
311 3095 410 3176 haec
438 3094 766 3177 omnia‘rescivit
797 3097 1035 3182 Honorius,
1055 3118 1171 3173 anno
1203 3086 1557 3199 1223.n'renseSe·

197 3204 375 3317 ptcmbri
405 3204 509 3290 misit
544 3206 597 3288 ad
638 3206 821 3290 Vitalenr
852 3211 1007 3293 litterar
1034 3208 1243 3299 minaces,
1282 3209 1324 3289 δι
1358 3201 1556 3299 acerbae,

201 3317 347 3426 quibus
378 3324 517 3430 primo
545 3322 780 3429 praecepit,
807 3340 852 3404 ut
880 3318 932 3403 ad
969 3314 1125 3403 Ubaldi
1153 3318 1407 3430 confirſsonem
1437 3316 1558 3426 maja·

195 3431 378 3527 reme&
404 3433 488 3544 ejas
525 3437 806 3516 contumatiam
834 3431 1112 3543 confutandam
1143 3432 1264 3547 ipsum
1294 3460 1377 3513 cern
1405 3432 1564 3542 compsi·

149 3550 154 3559 '
194 3544 324 3641 cibat,
353 3576 400 3628 et
418 3542 738 3659 fantorilmtsnit
755 3545 1073 3656 stegnlirdieltnt
1090 3551 1334 3636 Dominicis,
1362 3542 1409 3637 (t
1438 3546 1560 3651 Festi·

197 3664 272 3740 ·nie.
304 3656 475 3769 pulsarit
509 3665 751 3771 Campanis,
771 3658 825 3750 dt
852 3659 1023 3743 candelis
1050 3662 1216 3767 atrtnfis
1243 3658 1561 3749 anathematiaa·
1670 3673 1699 3717 '-

191 3795 308 3864 ¹tnm,
338 3774 384 3859 st
412 3772 459 3852 alr
498 3775 687 3883 Ecclesiae
715 3784 875 3857 unitate
909 3767 1098 3887 precisum
1126 3774 1415 3865 denuntiaret,
1445 3770 1486 3853 &
1513 3788 1560 3855 ut

194 3884 251 3963 ab*
275 3887 363 3966 aliir
379 3916 383 3927 ’
402 3878 819 3998 denuntiaretur-per
849 3910 981 3972 totam
1013 3892 1194 3973 l’t'sanam
1233 3881 1462 3976 Divecefim
1486 3904 1561 3966 'cu-

186 4022 307 4103 ,rarer
342 4025 352 4078 :
382 3999 534 4083 deinde
563 4004 718 4096 vetuit,
760 4029 811 4084 ne
849 4001 1059 4110 quousque
1101 3997 1290 4085 Ubaldur
1332 4022 1558 4086 contumax

189 4133 410 4206 maneret,
428 4113 555 4197 ullum
578 4110 734 4229 praefat
762 4116 1062 4225 Eccleſsaslitnm
1077 4116 1374 4209 Sacramentum
1397 4135 1560 4223 praeter·

200 4222 715 4341 &prismapet'vnlotam
743 4228 790 4319 Θ
810 4232 1090 4313 Paenitentiae
1117 4234 1371 4323 morientium
1398 4220 1562 4317 ‹onsec-

197 4364 333 4436 returr
367 4346 558 4453 alioquin
583 4328 841 4542 stiret'leKap
869 4344 987 4454 afficio
1006 4342 1260 4453 Pontificalr',
1296 4342 1345 4436 dv
1372 4330 1558 4530 Spepdo·

538 4488 539 4493 ¹
873 4488 891 4541 2
1163 4482 1167 4488 ·
1439 4477 1496 4532 ar
1547 4472 1553 4486 ·

193 4570 246 4699 (a)
265 4575 442 4697 Rtylraldrtr
461 4625 591 4702 ibidem„
