4292 5875
628 494 1152 625 'iitd'iontai
1376 507 1382 518 '
1475 558 1554 617 ιιι

231 646 419 759 tegimen
449 647 503 735 est
541 650 646 763 apud
680 649 926 765 Episcopum
962 639 1279 738 litimiacensem,
1320 645 1442 730 civile
1474 672 1612 729 eutem

231 762 340 869 opud
374 766 629 850 Niccolimos
662 769 768 849 intet
816 767 1076 849 Florentinos
1120 756 1421 857 nobilissimos,
1458 787 1505 843 ac
1543 790 1613 868 ge·

229 874 500 963 netoliffimos
525 872 659 963 vitos.
697 881 831 963 Aliter
868 876 1030 990 quidem
1075 878 1272 961 existimat
1319 872 1607 957 etudtttffimne

231 989 478 1094 Torgionius
504 998 593 1099 (ι),
632 996 701 1101 qui
737 994 786 1073 de
826 996 1072 1101 Camuliano
1106 993 1279 1097 loquens
1318 992 1372 1071 ait
1414 1013 1424 1071 :
1457 988 1552 1097 Egli
1590 992 1611 1068 e*

222 1102 525 1217 probabilmente
567 1108 658 1221 quel
694 1108 859 1211 Cistella
905 1106 1007 1189 della
1052 1100 1189 1207 Mensa
1226 1096 1446 1215 Episcopale
1494 1100 1607 1213 Pisa·

226 1244 303 1311 ne,
329 1216 393 1299 cde
422 1223 467 1329 st
497 1244 618 1305 trova
646 1228 842 1303 nominato
872 1226 1123 1305 Gammat'ano
1148 1226 1190 1300 in
1217 1245 1293 1297 uua
1335 1220 1602 1329 Cartapecora

230 1329 323 1411 dell’
351 1361 451 1415 anno
493 1342 589 1443 857.
628 1341 841 1418 Camaiano
875 1344 914 1419 in
948 1336 1018 1417 due
1054 1335 1118 1415 del
1160 1334 1599 1431 1115‚eCamuliano
1764 1433 1770 1444 ι

227 1448 270 1527 in
298 1445 368 1527 due
395 1447 459 1529 del
489 1478 606 1552 ¹129·
639 1450 836 1561 publicare
860 1450 931 1537 ‚dal
964 1456 1128 1561 Signor.
1146 1450 1373 1529 Maratori.
1422 1446 1500 1529 Sed
1531 1451 1606 1529 ali-

227 1558 326 1668 quid
351 1560 515 1645 humani
558 1564 622 1646 hic
660 1562 785 1674 pallus
826 1567 883 1649 est
923 1570 983 1647 vir
1023 1560 1277 1649 curisfimus.
1325 1557 1437 1643 Plebi
1490 1586 1602 1639 uam.

225 1699 303 1781 que
341 1674 621 1761 Camiianeol't
660 1679 849 1764 luberent
891 1674 1087 1763 Ecclesiae
1115 1679 1157 1759 S.
1198 1674 1410 1757 Michaelis
1442 1672 1493 1755 de
1523 1675 1605 1758 Ca-

225 1790 484 1882 liro-veteri,
526 1792 565 1876 S.
594 1794 762 1875 Martini
801 1795 851 1874 de
891 1790 1059 1888 cesari,
1100 1799 1141 1877 S.
1173 1791 1388 1875 Michaelis
1417 1786 1604 1882 deCon'·

227 1902 437 1997 trium&
478 1904 517 1982 S.
547 1908 711 1988 Nicolai
746 1906 797 1989 de
838 1912 1063 2016 Popogna‚
1107 1932 1150 1989 ut
1192 1906 1377 1993 constat,
1421 1929 1472 1983 ex
1523 1906 1600 1984 Ec·

224 2010 432 2099 clefiatum
472 2020 663 2127 catalogo
702 2022 832 2106 modo
863 2020 1097 2132 publicato:
1142 2023 1264 2127 igitur
1294 2019 1598 2101 camaianune,

223 2150 309 2208 non
350 2134 472 2240 longe
511 2132 681 2216 diliebat
722 2136 887 2219 abillis
923 2130 1366 2242 vic1s;,qn0denam
1407 2154 1492 2210 non
1522 2130 1599 2209 ob·

218 2236 332 2327 sture
358 2248 568 2352 colligitur
605 2274 654 2329 ex
690 2246 918 2361 diplomate
944 2244 1137 2332 Anastafii
1164 2244 1241 2331 lV.
1284 2246 1459 2327 Romani
1491 2250 1598 2325 Pon-
1703 2261 1711 2284 ¹

219 2351 340 2435 cilicis
380 2360 486 2466 apud
528 2364 711 2445 Paullum
758 2366 983 2445 Troncium
1010 2370 1074 2467 (2)
1105 2391 1114 2445 :
1148 2362 1319 2443 multum
1347 2358 1448 2441 veto
1474 2354 1597 2439 distat

217 2496 242 2549 a
268 2471 364 2551 vicis
391 2479 626 2557 memoratis
652 2476 967 2561 Camulianum.

276 2584 485 2687 Quantum
530 2592 712 2671 coniicio
753 2592 894 2673 titulus
926 2589 1055 2672 Plebis
1086 2614 1138 2671 ex
1184 2578 1360 2669 Ecclefia
1408 2578 1597 2664 Camaia·

216 2697 329 2780 nenst
354 2700 562 2785 transsitus
592 2706 646 2786 cll
677 2700 728 2785 ad
755 2701 977 2787 Ecclesiam
1009 2700 1204 2795 Gibbti,
1239 2698 1352 2808 quod
1382 2720 1491 2778 extat
1519 2693 1591 2779 ubi

214 2808 318 2891 olim
358 2814 523 2898 extabat
560 2822 838 2901 Contrinum.
881 2818 1151 2901 Camnitnum
1190 2815 1291 2897 veto
1320 2832 1405 2893 erat
1449 2810 1491 2889 in
1523 2814 1598 2891 Pa·

212 2930 351 3007 toecia
380 2932 627 3014 Cestii-novi
645 2934 770 3040 vulgo
802 2930 902 3016 della
933 2926 1231 3036 Misericordia,
1259 2928 1328 3010 ubi
1363 2951 1468 3007 nunc
1487 2925 1589 3007 item

210 3033 401 3123 videntur
444 3041 589 3126 rudera
629 3053 773 3131 veteris
816 3044 1042 3148 Ecclesiae,
1086 3073 1189 3158 quae
1227 3047 1355 3144 etiam
1394 3067 1437 3124 tn
1473 3038 1597 3150 prae?

213 3151 338 3238 sentia
364 3154 405 3237 S.
425 3159 595 3270 Joannis
613 3159 763 3244 dicitur
780 3217 792 3248 .

273 3269 636 3369 Qiemadmodum
677 3277 718 3356 in
754 3268 939 3356 Dioecefi
972 3267 1142 3362 Pisana,
1186 3267 1239 3351 ita
1284 3269 1406 3350 etiam
1436 3265 1478 3346 in
1518 3264 1591 3348 Ci-

209 3377 331 3466 vitate
372 3383 454 3492 ipsa
495 3389 629 3498 pluteo
677 3383 873 3470 Ecclesiae
916 3391 958 3469 in
1009 3387 1139 3468 modo
1178 3385 1352 3489 vulgatis
1390 3378 1589 3486 catalogis

209 3517 460 3580 memoratae
502 3501 721 3585 destruclae
755 3507 868 3587 lunt.
914 3499 993 3584 Sed
1029 3501 1083 3582 de
1123 3501 1184 3581 his
1224 3500 1357 3581 letmo
1399 3489 1517 3576 nobis
1544 3521 1587 3576 e-

116 3618 121 3622 “
209 3611 328 3691 titin
357 3612 550 3722 peculiari
581 3619 767 3699 omnium
799 3611 1067 3700 Ecclefiatum
1100 3619 1333 3699 Pilanarum
1371 3607 1585 3704 Historia,
1709 3677 1712 3682 .

204 3717 247 3800 in
300 3749 378 3833 qua
420 3733 571 3837 pariter
614 3726 664 3811 de
707 3733 991 3824 Monalleriis,
1030 3729 1080 3810 de
1125 3724 1317 3809 domibus
1361 3723 1587 3829 Hospitali-

203 3827 305 3929 bue,
335 3837 470 3948 deque
512 3845 600 3928 aliis
637 3847 744 3954 piis,
778 3868 819 3928 ut
850 3845 988 3948 ajunt,
1030 3845 1133 3926 locis
1148 3871 1160 3942 3
1201 3837 1254 3920 de
1300 3840 1455 3920 Sanctis
1485 3830 1553 3917 Pis
1572 3880 1590 3904 ·

205 3951 294 4042 nit,
327 3949 387 4050 ¹de
422 3952 538 4062 hujus
581 3953 778 4042 Ecclesiae
809 3959 1051 4043 Primatialis
1092 3953 1274 4065 Capituli
1307 3959 1581 4061 antiquitate,

204 4087 253 4144 ac
279 4057 478 4175 dignitate
517 4069 742 4182 diligenter
768 4097 959 4181 agemus.
999 4071 1158 4154 interea
1184 4065 1236 4148 ad
1264 4057 1407 4152 seriem
1433 4063 1578 4148 Ponti-

202 4169 326 4262 ficum
356 4179 594 4282 Pisanotum¹
622 4191 924 4273 contexendam
944 4183 1250 4272 descendimus.
1325 4251 1361 4380 Ι.
1386 4287 1515 4375 GAU

1347 4347 1360 4385 0
1514 4329 1534 4357 1

199 4440 251 4520 (ι)
274 4446 426 4508 Relaziom'
442 4445 585 4510 c’atcunt
605 4454 702 4534 oiaeggi
726 4471 764 4512 ee.
787 4459 860 4514 Tam.
888 4455 913 4511 1.
930 4467 996 4536 pag.
1016 4451 1063 4513 ta.
1089 4449 1273 4531 edituum.

198 4529 249 4607 (ἲ)
270 4525 390 4592 Annali
409 4529 502 4612 l’isaetn'
520 4532 560 4595 ad
583 4553 658 4596 ann.
680 4549 769 4611 1153.
784 4547 853 4616 pag.
877 4531 927 4618 ⁸5·
1068 4581 1072 4588 .
