4292 5875
125 764 155 778 η
584 670 1066 758 HISTORIA.
1387 694 1438 773 57

136 786 281 869 bantur
306 805 472 891 quoque
501 780 781 882 Civitatenfis,
814 786 855 868 bt
877 764 1178 869 Galtellinenlis
1210 776 1484 865 Antistltesad

133 902 231 983 lunc
260 901 384 1011 iplam
412 894 634 981 Civitatem
662 896 929 999 accedentes3
960 900 1002 982 dt
1027 895 1240 981 Corsrcani
1279 892 1499 979 Praesuler·

134 1014 315 1095 Calarim
342 1011 553 1121 petentes?
581 1012 622 1094 δι
655 1010 919 1099 nihilominus
948 1011 1164 1097 Mathinus
1198 1008 1384 1095 Pisanum
1409 1007 1501 1086 Ar··

139 1124 438 1239 chiepiscoputn
467 1151 542 1207 ceu
569 1128 943 1236 Metropolitanum
966 1122 1233 1211 Ecclesrarum
1263 1123 1489 1205 Civitates-

135 1236 207 1335 lis,
242 1242 284 1323 δι
317 1234 627 1323 ·Galtellinenstt
654 1242 802 1323 merito
828 1240 1035 1347 agnoscit3
1080 1268 1128 1325 ae
1165 1232 1384 1325 Pontifices
1411 1237 1488 1317 Ca·

135 1356 327 1438 laritanor
365 1352 560 1435 Primates
596 1349 786 1437 Corficae
814 1348 928 1435 fuisse
957 1350 1196 1439 contendit.
1229 1350 1344 1452 Quid
1377 1344 1495 1459 quod

137 1463 165 1549 li
192 1468 296 1550 ratio
325 1464 507 1549 Machini
533 1465 703 1570 alicujus
747 1464 840 1550 ellet
869 1470 1095 1565 momenti,
1119 1466 1314 1580 probaret
1341 1471 1498 1548 etiam.»

116 1578 370 1687 -l'ubteptitia
400 1572 512 1661 fuille
541 1581 770 1689 privilegia,
786 1580 931 1693 quibus
955 1605 1133 1689 quatuor
1159 1578 1382 1684 majoribus
1423 1584 1497 1663 l‘a·

144 1692 341 1777 triarchiis
370 1692 450 1796 jam
469 1690 566 1773 inde
594 1690 646 1774 ab
678 1697 855 1801 antiquis
886 1694 1144 1807 temporibus
1172 1698 1308 1806 plures
1333 1692 1500 1803 Episco-

138 1831 252 1922 patus
279 1836 300 1887 a
327 1801 497 1887 Sedibus
523 1805 862 1889 Patriarchalibur
891 1809 1016 1917 longe
1030 1808 1179 1921 politos
1196 1837 1205 1891 :
1224 1810 1379 1892 Summi
1394 1814 1501 1893 Pon·
1538 1841 1541 1847 ·

143 1917 271 2005 tilices
300 1914 497 2002 subtenos
533 1915 751 2003 fecerunt?
776 1920 932 2029 ltaque·
948 1947 1023 2006 nee
1037 1918 1297 2034 subreptitia,
1324 1946 1401 2005 nec
1423 1918 1500 2005 ob·

141 2038 301 2145 reptitia
355 2027 590 2115 Pisanorum
635 2031 866 2117 Antistitum
893 2036 1104 2147 privilegia
1142 2038 1224 2120 dici
1263 2032 1419 2118 debent
1443 2030 1504 2115 ob
1595 2068 1599 2075 ·

148 2152 327 2263 priorem
366 2146 568 2229 rationem
585 2142 734 2253 ,quam
762 2146 987 2232 Calaritani
1014 2152 1216 2233 Primatus
1244 2146 1435 2232 defensor
1457 2150 1506 2229 in

148 2260 325 2344 medium
342 2252 548 2342 adducit:
580 2261 713 2343 multb
743 2262 843 2345 verb
872 2263 1113 2347 minustalit
1143 2260 1318 2347 dicenda
1332 2260 1418 2346 sunt
1447 2256 1507 2341 ob

143 2378 345 2459 rationem
371 2371 572 2455 alteram.
602 2374 763 2456 Etenim
790 2374 924 2459 statim
947 2402 994 2458 ac
1023 2375 1182 2459 Pisanus
1222 2380 1264 2458 in
1296 2373 1548 2468 Sardiniae„
1603 2468 1607 2474 ἱ

143 2491 361 2575 Primatem
384 2486 534 2568 eleelus
550 2484 607 2567 est
633 2482 832 2593 jutliffima
858 2485 1000 2581 caussa,
1014 2488 1211 2596 dignitate
1226 2489 1414 2573 Primatis
1438 2510 1509 2567 or·

146 2601 259 2685 batus
290 2598 592 2706 intelligebatur
620 2597 797 2683 Antistes
826 2599 1112 2698 calaritanus,
1152 2605 1224 2712 qui
1263 2627 1351 2685 eam
1387 2597 1510 2682 nullo

65 2734 68 2745 ·
150 2714 265 2797 edito
280 2711 505 2821 diplomate
529 2712 743 2795 ostendere
772 2734 960 2824 poterat,
988 2716 1182 2827 nulleque
1211 2716 1321 2801 illius
1343 2709 1509 2797 adhibe·

153 2829 224 2911 bat
237 2825 440 2934 insignia,
467 2850 619 2910 utrum
643 2826 842 2913 Cantelio
862 2829 1042 2941 superius
1069 2828 1391 2913 observavimus·
1423 2827 1510 2923 Pri·

148 2947 293 3050 vilegia
310 2937 493 3026 conaelle
514 2939 660 3026 Pisano
688 2940 756 3026 usu
780 2967 945 3055 recepta
972 2941 1345 3054 foilleperspirue,
1373 2934 1515 3026 distin·

153 3057 301 3163 &eque
327 3049 505 3164 probant
535 3077 799 3138 monumenta
817 3058 959 3166 paullo
975 3080 1068 3140 ante
1084 3060 1235 3156 allata3
1263 3055 1372 3141 unde
1398 3051 1519 3166 spou-
1542 3144 1545 3150 ,

152 3192 192 3254 te
221 3167 289 3255 sua
316 3173 396 3250 ruit
425 3191 612 3278 quartum
643 3170 828 3252 Mathini
856 3193 1170 3280 argumentum.
1200 3170 1422 3284 Explorata
1451 3193 1525 3254 res

154 3283 239 3375 est,
271 3282 450 3366 Pilatum
479 3279 637 3364 Urbem
666 3283 1103 3368 excommunicationis
1128 3310 1260 3394 poena
1304 3283 1520 3374 affee'tam,

148 3399 194 3482 ‘bt
219 3395 545 3502 Metropolitana
574 3395 794 3502 dignitate,
826 3393 1047 3504 ceterisque
1076 3393 1304 3480 honoribus
1326 3390 1522 3477 Ecclelia·

154 3509 260 3594 stitis
286 3511 488 3621 priuatam
515 3503 750 3600 luiffe„non
779 3509 944 3618 quidem
969 3510 1021 3593 ab
1048 3511 1296 3597 Innocentio
1320 3507 1424 3616 lv„
1463 3507 1524 3589 uti

155 3619 295 3706 scribit
327 3617 540 3706 Mecbinus
565 3625 656 3726 (1),
686 3621 753 3706 sed
783 3623 1038 3706 aClemente
1068 3625 1173 3723 lv„
1205 3623 1317 3736 quod
1343 3619 1525 3734 partibus

157 3733 298 3819 fauerit
317 3732 550 3817 ¹Cottadini
580 3741 668 3838 (t).
702 3740 856 3820 Verum
886 3740 928 3819 in
960 3735 1130 3822 dubium
1160 3743 1346 3823 revocari
1364 3734 1522 3841 nequit,

157 3852 255 3958 quin
285 3849 513 3951 Gregorius
539 3850 593 3930 X·
623 3848 728 3932 hanc
745 3848 903 3933 Urbem
932 3877 954 3933 a
980 3853 1163 3936 Censura
1193 3852 1441 3943 ablolvetit,
1469 3848 1525 3926 ei·

157 3987 240 4068 que
267 3959 486 4068 dignitates
512 3984 687 4055 omnes,
728 3964 769 4047 u
794 3961 974 4048 bonores
1016 3960 1340 4064 ecclesiasticos,
1379 3957 1524 4076 quibua

157 4093 283 4162 antea
305 4070 567 4186 potiebatur,
594 4100 708 4160 anuo
739 4099 865 4193 ¹273·
894 4079 1116 4166 restituerit
1144 4085 1237 4190 (3).
1541 4097 1547 4104 ’

226 4243 230 4264 ¹
278 4303 384 4387 Tem.
415 4307 451 4387 1.
849 4309 892 4394 H
1343 4271 1485 4418 ‘Non
1546 4419 1550 4425 .

159 4490 215 4572 (r)
235 4499 305 4571 Cep.
331 4513 379 4572 37.
401 4512 442 4574 tp.
468 4497 520 4558 cit.
534 4509 601 4579 pag.
626 4501 695 4574 ¹⁶3·

159 4577 213 4654 (ι)
235 4572 305 4634 vid.
330 4573 409 4638 benc
431 4573 596 4638 historiam
621 4576 653 4640 in
681 4577 817 4641 friderica
841 4581 1018 4644 Vicerrmr'te.

158 4640 214 4737 <n
236 4650 353 4722 confer
381 4661 453 4736 car·
469 4661 505 4726 '2·
526 4657 616 4731 turus
648 4657 757 4739 rarat.
773 4659 837 4770 ‚a
857 4663 940 4727 nra
963 4653 1145 4728 aretina.
1178 4649 1187 4660 ·
1361 4639 1366 4648 ’
