4292 5875
535 556 1013 644 HISTORIA.
1364 589 1438 666 ης

141 696 293 790 quarto
320 670 510 758 celendea
538 677 678 790 Juniat
706 674 743 756 ei
769 667 1009 757 confirmate
1040 667 1207 754 suerunt
1245 677 1382 756 omnia
1418 679 1501 784 pri·

137 800 317 896 tuingia,
360 811 462 894 quae
488 787 559 868 alii
587 789 768 870 Romani
798 782 1015 868 Pontifices
1045 781 1199 868 Pisanis
1247 788 1518 872 Praesulibus.

138 929 259 988 antea
286 895 564 983 concesserant
581 903 673 1000 (t).
698 896 770 980 Ab
795 897 945 980 eodem
973 923 1116 981 munus
1147 902 1304 1010 accepit
1332 927 1506 1009 compos

140 1015 269 1101 nendi
298 992 615 1096 controversiam
635 1013 778 1095 iterum
796 1015 1015 1095 excitatam
1041 1014 1150 1116 inter
1179 1012 1419 1096 Canonicos
1441 1015 1504 1097 l’i·

139 1129 288 1223 sanos‚
315 1128 357 1208 ἃ
388 1124 621 1210 Monachus
650 1131 689 1208 S.
717 1126 913 1217 luxorii,
955 1151 998 1208 ut
1024 1129 1179 1211 eruitur
1224 1153 1274 1209 ex
1305 1127 1504 1212 Anastasis
1548 1175 1553 1188 ·

139 1243 223 1328 IV.
249 1240 396 1325 litteris
423 1246 487 1341 (2)
518 1238 569 1321 ad
598 1237 762 1322 eosdem
793 1243 1063 1331 canonicos,
1111 1243 1152 1322 in
1182 1239 1327 1346 quibus
1357 1245 1419 1324 ira·
1451 1243 1508 1324 le*

138 1362 279 1466 gitur:
312 1355 520 1436 Praeterea
545 1350 664 1439 Sedis
687 1353 924 1461 Apostolicae
948 1352 1184 1433 autoritate
1205 1355 1443 1456 statuimus,
1460 1377 1507 1436 ut

143 1471 291 1578 lamiſso
320 1466 451 1547 Silvae
479 1465 530 1548 de
562 1466 771 1558 Tumu10‚
788 1467 934 1576 ficata
959 1495 1052 1547 ven.
1076 1467 1209 1578 fratri
1236 1470 1357 1571 nostro
1388 1467 1510 1549 Villa.
1617 1551 1625 1568 ,

143 1617 194 1667 aa
224 1577 360 1689 Pisano
384 1575 672 1691 Arcbiepiscopo
701 1609 754 1660 ea·
792 1575 974 1658 mandata
1009 1576 1096 1688 jam
1141 1577 1176 1661 d.
1213 1579 1511 1690 praedecessoris

145 1699 266 1800 nostri
296 1694 424 1803 Papae
451 1695 623 1800 Eugenii
642 1691 758 1804 fassa
785 1691 937 1773 anobis
964 1717 989 1770 a
1017 1714 1155 1803 ignata
1184 1691 1256 1798 effe
1272 1691 1512 1804 dignoscitur·

142 1811 305 1927 futuris
333 1805 701 1917 emporitanum,
730 1805 777 1892 (β’
797 1804 1015 1910 inconcuffa
1039 1827 1268 1920 permaneat
1286 1859 1298 1900 ‚
1314 1835 1382 1887 nec
1408 1803 1514 1920 quis·

149 1955 268 2038 quatra
294 1917 435 2014 volis,
478 1917 553 2002 ves
581 1916 848 2028 successorisus
877 1921 1024 2024 vestris
1062 1923 1223 2006 invitis
1261 1917 1512 2030 dimiſsorem,

150 2035 274 2152 ipsam
304 2061 471 2146 unquam
494 2031 717 2144 praesternat
731 2033 976 2227 infringer?
994 2032 1089 2141 five
1118 2031 1302 2141 acceſsere
1329 2032 1513 2146 qualibet

217 2221 226 2232 .
268 2154 376 2238 Terra.
402 2150 434 2230 s·
886 2150 915 2228 F
1366 2172 1458 2260 per·

191 2283 391 2370 rosteaquam
411 2279 486 2349 haec
502 2281 694 2366 scripseram,
707 2281 800 2349 incidi
823 2281 854 2347 in
872 2281 999 2348 litteras
1017 2283 1190 2348 innocentii
1210 2289 1271 2348 111.
1294 2299 1375 2348 anno
1395 2283 1519 2349 circiter

234 2375 322 2428 1206.
348 2367 386 2428 ad
410 2364 565 2428 Ubaldunr
588 2361 727 2427 Pisanum
749 2363 945 2446 Archiepisco
967 2384 1017 2427 um
1042 2363 1187 2445 scriptas,
1210 2385 1251 2432 ex
1275 2364 1383 2447 quibus
1409 2379 1517 2446 aperte

228 2445 347 2526 liquet,
370 2445 527 2508 villanum
548 2461 655 2508 revera
678 2444 876 2508 cardinalem
898 2386 1001 2522 suisie3
1030 2463 1069 2508 en
1096 2443 1188 2506 verba
1216 2445 1389 2507 innocentii
1414 2445 1463 2505 lib.
1489 2465 1517 2504 2.

233 2527 438 2587 mercenarie.
466 2531 513 2584 26.
529 2527 562 2586 de
582 2521 738 2602 haeseript.
763 2543 824 2605 cap.
845 2545 891 2598 17.
916 2571 938 2604 „
956 2528 996 2586 Su
1017 2543 1052 2586 er
1078 2523 1138 2586 alio
1165 2542 1237 2586 vero
1266 2524 1394 2588 articulo
1418 2523 1522 2586 taliter

127 2624 135 2642 r
234 2652 256 2682 ,‚
278 2601 476 2686 respondisti,
498 2605 578 2694 quod
601 2601 696 2664 abeo
717 2619 874 2685 tempore,
905 2623 966 2685 quo
990 2543 1068 2666 stilti
1094 2601 1184 2664 assum
1210 2619 1256 2664 tua
1290 2605 1327 2667 ad
1365 2601 1521 2667 Praesula·

235 2731 258 2762 ‚,
282 2697 327 2746 tus
348 2682 710 2770 officium‚puramentum
732 2681 887 2746 fidelitatis
908 2701 963 2762 pro
976 2684 1054 2746 Sede
1074 2623 1246 2762 Apolloiica
1264 2681 1302 2745 ab
1320 2681 1387 2764 ipsis
1407 2681 1522 2764 Iudici-

234 2807 259 2843 ,‚
280 2762 335 2825 bur
355 2765 550 2837 [Sardiniae]
571 2759 722 2838 recepisit,
748 2763 856 2838 sciens,
870 2759 1138 2842 Archiepiscopum
1153 2762 1310 2826 Villanum
1344 2759 1521 2844 praedeces·

234 2889 259 2922 „
279 2841 374 2904 sorem
396 2858 480 2904 tuum
505 2844 603 2904 virum
617 2857 744 2918 magnae
757 2841 940 2905 audlotitttis
952 2888 963 2918 ,
980 2847 1011 2904 dt
1037 2841 1224 2917 honestatis,
1244 2843 1296 2925 qui
1323 2841 1416 2923 longo
1441 2857 1522 2906 tem-

232 2970 257 3003 „
279 2942 354 3003 pore
378 2920 408 2982 in
428 2920 521 2983 Curia
538 2926 677 2983 Romana
714 2921 818 2986 extitit
853 2923 1020 2983 Cardinalir
1048 2917 1110 3002 ipse
1146 2940 1266 3017 quoque
1292 2923 1411 3003 plenius
1434 2921 1522 2987 novit

233 3048 257 3082 „
277 2996 527 3078 eonsuetudines,
544 3002 575 3062 δι
593 2999 721 3077 statuta,
742 3006 774 3064 &
794 3020 900 3065 ornnes
921 2998 1160 3082 praedecessores
1178 3002 1312 3097 tu1‚qui
1331 2999 1453 3065 suerunt
1476 3003 1524 3063 vi-

231 3129 258 3161 „
279 3081 305 3145 ri
326 3099 456 3163 magnae
477 3078 662 3144 audinritatis
681 3075 720 3145 sac
742 3081 782 3144 de
802 3081 925 3163 antiqua
946 3080 1163 3144 consuetudine
1188 3077 1316 3145 tenuisse
1338 3081 1473 3162 pariter,
1492 3084 1525 3142 dr
1631 3120 1635 3127 ·

234 3209 260 3241 ‚,
282 3158 489 3236 secisse,cum
518 3156 594 3222 nihil
619 3158 693 3235 tibi,
710 3161 762 3223 vel
792 3158 860 3241 ipsis
888 3157 1030 3224 hasienus
1053 3159 1091 3220 ab
1125 3158 1297 3241 apostolica
1325 3159 1404 3223 Sede
1425 3158 1531 3223 suiset

232 3288 261 3321 ο,
283 3240 451 3303 obsessum.
478 3288 499 3317 „
520 3236 653 3302 Tametsi
683 3237 780 3303 fatear
804 3240 976 3303 innocentii
1007 3236 1186 3301 audoritate
1235 3252 1396 3316 ermotus,
1427 3240 1557 3325 Villa-⁸

238 3339 313 3385 num
338 3318 471 3383 notlrurn
494 3318 690 3383 cardinalem
708 3318 794 3381 suilse
810 3318 913 3396 ‚nullo
930 3316 1128 3401 passotamen
1154 3258 1337 3401 persiradere
1363 3314 1438 3383 mihi
1462 3316 1527 3401 pos-

235 3400 320 3477 sum,
340 3399 498 3463 villanum
520 3397 618 3479 ipsum
649 3400 780 3461 eundem
798 3396 877 3475 esse,
912 3399 964 3480 qui
986 3417 1067 3461 anno
1104 3417 1191 3475 1¹45·
1227 3396 1397 3481 subscripsr
1415 3398 1528 3463 litteris

236 3479 369 3563 Eugenii
396 3482 455 3541 lll.
482 3480 541 3542 ilie
570 3479 651 3542 enlm
672 3478 783 3541 dicitur
811 3476 984 3543 cardinalis
1013 3474 1095 3542 tituli
1126 3482 1155 3540 S.
1186 3476 1334 3559 Stephani
1365 3482 1397 3539 in
1428 3486 1528 3545 Monte

237 3564 347 3638 Caelio,
367 3577 458 3641 quem
481 3559 604 3622 titulum
630 3574 710 3623 anno
743 3577 829 3635 1151.
860 3556 986 3621 tenebat
1009 3554 1187 3636 Gerendus,
1226 3556 1391 3643 habuitque
1420 3555 1528 3622 saitem
1564 3606 1576 3619 ,

168 3696 172 3703 .
240 3638 333 3723 usque
355 3642 392 3703 ad
425 3657 539 3701 annum
576 3644 683 3718 1158„
717 3654 749 3702 ut
777 3638 914 3718 superius
941 3638 1137 3702 notavimus.
1164 3638 1264 3720 igitur
1294 3639 1418 3703 titulum
1441 3639 1529 3701 illum

241 3737 397 3801 nunquam
414 3717 629 3799 consequutum
653 3724 713 3783 elle
737 3718 894 3781 Villanum
917 3714 1056 3782 Pisanum
1082 3718 1218 3782 dicamus
1243 3716 1359 3783 necesse
1388 3714 1548 3794 esi,uis1'

243 3796 376 3859 asserere
397 3797 525 3859 velimus
550 3799 744 3863 Cardinalem
768 3796 899 3861 nostrum
923 3818 960 3861 eo
992 3794 1098 3860 relicto
1128 3798 1222 3861 alium
1255 3794 1427 3879 sumpsisse,
1449 3796 1531 3879 quod

244 3874 368 3938 illorum
393 3889 564 3954 temporum
584 3876 795 3943 consuetudini
823 3891 972 3959 repugnat
996 3876 1073 3941 telle
1101 3879 1298 3941 eruditiffimo
1333 3878 1481 3942 Panvinio
1500 3880 1532 3939 de

235 3962 335 4037 ‚septem
350 3954 427 4017 Ursis
445 3956 571 4029 stet-seſsis
592 3961 622 4016 ia
638 3961 697 4033 fine
721 3976 782 4039 cap.
800 3978 846 4035 3.‚
865 3959 915 4022 ubi
933 3955 1036 4022 scribit
1057 3957 1147 4021 initio
1167 3956 1275 4022 saeculi
1303 3956 1420 4021 decimi*
1432 3956 1531 4040 quinti

244 4049 387 4111 tantum,
410 4034 553 4097 nimirum
575 4032 628 4096 sub
654 4038 834 4101 Alexandro
851 4042 891 4101 V.
911 4036 1093 4101 cardinales
1112 4034 1216 4101 titulos
1238 4038 1401 4101 immutare
1421 4032 1534 4115 coepis-

243 4110 292 4176 se.
315 4122 358 4177 at
378 4114 472 4189 enim,
488 4115 604 4196 inquiet
624 4116 732 4199 aliquis
752 4114 889 4197 Ughellii
907 4116 1065 4193 defensor,
1087 4115 1108 4180 st
1134 4118 1275 4181 villanus
1307 4114 1406 4177 nisset
1428 4114 1535 4179 cardi·

244 4196 323 4256 nasis
342 4193 417 4271 suit,
437 4213 490 4272 cur
514 4213 622 4259 nomen
645 4193 709 4272 ejus
730 4197 810 4258 inter
827 4196 903 4259 alios
921 4196 1104 4262 cardinales
1132 4198 1164 4260 in
1189 4197 1299 4259 litteris
1322 4192 1458 4275 ingenii
1473 4200 1534 4257 111.

247 4272 321 4338 Pisis
339 4293 418 4336 anno
443 4295 529 4347 1149.
554 4276 632 4337 datis
652 4294 711 4338 non
735 4276 871 4355 legitur?
897 4276 1018 4340 Efficior
1039 4274 1109 4341 san‘e
1128 4274 1166 4337 ab
1190 4274 1246 4339 hoc
1276 4290 1457 4356 argumento

489 4361 616 4436 Personae
632 4371 744 4429 mutae,
771 4372 923 4435 truncoque
936 4358 1102 4430 fimissimus
1125 4364 1268 4419 Hermae·

248 4436 472 4498 Verumtamen
497 4452 563 4495 curn
586 4436 781 4497 innocentius
799 4436 1035 4497 luculentissimis
1058 4432 1159 4497 verbis
1180 4434 1287 4499 asserat
1302 4431 1460 4499 villanum
1484 4450 1537 4499 no·

253 4511 346 4577 sirum
368 4512 564 4577 cardinalem
586 4510 693 4593 fuisse,
714 4512 770 4577 hac
788 4512 827 4575 de
844 4533 879 4576 re
896 4533 936 4579 ne
957 4514 1067 4581 leviter
1086 4515 1208 4600 quadem
1231 4510 1376 4595 ambige.
1426 4538 1432 4553 ·

171 4594 221 4677 (r)
241 4592 373 4656 Consule
406 4595 513 4670 Diffirt.
530 4597 680 4671 praeviam
707 4611 767 4673 cap.
788 4614 815 4653 a.

169 4684 218 4756 (a)
242 4678 336 4759 Quat
355 4670 495 4740 reserum
519 4673 693 4757 trencin,
709 4677 740 4739 dt
764 4668 945 4765 ughelliu.
