4292 5875
661 576 711 630 22
796 610 798 614 -
884 548 1299 636 ECCLESIAE
1350 543 1676 637 P'JSANAE

601 712 630 756 „
661 655 812 757 laudo,
839 662 879 743 &
910 662 1137 756 confirmo,
1165 664 1209 747 δι
1232 684 1353 744 mane
1388 664 1519 772 pleno
1556 664 1758 748 Concilio
1796 689 1889 750 tum
1919 690 1968 749 o·

600 770 821 868 „mnibus
847 773 964 857 vobis
994 782 1142 859 iterum
1170 772 1383 869 laudabo,
1422 773 1474 867 so·
1508 777 1762 889 confirmabo.
1794 776 1969 863 Anchie-

598 941 628 985 „
659 886 845 999 piscopos
874 914 974 973 vero
999 887 1159 973 Pisanus
1185 891 1296 971 inter
1320 889 1424 973 aiios
1456 889 1683 1006 Episcopoa
1708 890 1851 977 sedens
1880 891 1966 975 hoc

597 1053 626 1099 „
657 1002 797 1085 audito
830 1002 1042 1097 mithram,
1083 1003 1126 1087 δι
1164 1002 1332 1086 anulum
1357 999 1410 1087 ad
1443 1005 1572 1115 pedet
1616 1010 1789 1090 Domini
1830 1008 1965 1115 Papae

597 1167 625 1211 ,‚
657 1118 859 1224 projecit,
892 1118 933 1199 &
960 1117 1068 1199 irato
1093 1118 1235 1199 animo
1264 1115 1370 1201 dixit
1396 1150 1412 1200 .·
1437 1115 1609 1204 ulterius
1636 1142 1731 1200 tuus
1761 1116 1966 1231 Archippi.

596 1228 627 1326 ‚'‚
649 1226 811 1340 scopus,
837 1228 883 1321 sn
921 1227 1127 1345 Episcopus
1155 1259 1231 1311 nnn
1262 1245 1353 1314 ern,
1393 1234 1499 1342 Papa
1544 1234 1661 1317 illico
1685 1236 1878 1323 anulum,
1922 1234 1966 1315 δι

598 1342 850 1443 „mithram
889 1369 980 1445 cum
1019 1341 1122 1455 pede
1163 1345 1292 1453 longe
1330 1346 1536 1456 projecit,
1569 1346 1614 1429 &
1650 1344 1788 1428 dixit:
1818 1351 1964 1429 frater

599 1510 628 1555 „
659 1456 759 1539 male
781 1456 1004 1571 fecisti&
1030 1455 1167 1540 deinde
1204 1463 1493 1573 poenitentiam
1530 1458 1776 1571 proculdubio
1800 1460 1965 1567 facies.

599 1623 628 1668 „
658 1576 784 1655 Mane
805 1595 942 1657 autem
968 1574 1158 1656 veniente
1197 1578 1305 1683 Papa
1342 1574 1384 1655 in
1431 1572 1558 1681 pleno
1596 1574 1795 1658 Concilio
1826 1570 1964 1655 corfi-

598 1735 628 1780 „
660 1711 783 1769 canae
806 1686 1128 1771 consecrationis
1143 1684 1384 1770 sententiam
1398 1681 1497 1767 dare
1522 1690 1758 1797 praecepit,
1787 1687 1830 1770 &
1861 1691 1966 1781 Gre-

596 1848 627 1895 „
655 1802 796 1909 gorius
821 1803 1032 1890 Diaconos
1061 1800 1103 1884 S.
1133 1802 1314 1908 Auges,
1338 1801 1408 1907 qui
1434 1801 1572 1910 postea
1599 1797 1674 1884 fuit
1702 1806 1807 1909 Papa
1834 1799 1973 1894 lnno-'

597 1963 627 2013 „
659 1916 828 2011 centius,
852 1914 1092 2001 sententiam
1122 1913 1262 2008 dedit,
1286 1910 1382 1997 ficut
1405 1910 1549 2024 scripta
1576 1916 1633 1997 est
1663 1916 1704 1994 in
1736 1914 1962 2025 privilegiis

599 2077 629 2125 „
655 2026 941 2137 Janu'ensrum.
972 2030 1180 2112 Sententia
1223 2030 1327 2122 lata,
1368 2024 1501 2109 statim
1543 2027 1673 2111 Pisani
1713 2056 1735 2109 a
1774 2031 1966 2111 Romana

598 2192 627 2239 „
657 2140 784 2225 Curia
810 2140 889 2225 stne
922 2140 1086 2225 licentia
1110 2136 1631 2254 recesserunt51anuenses
1660 2166 1762 2224 vero
1792 2166 1887 2223 eum
1915 2140 1967 2223 li·

599 2304 630 2351 „
660 2254 1028 2339 centio-Romanae
1054 2254 1232 2361 Curiae,
1256 2252 1299 2336 &
1329 2278 1420 2335 cum
1448 2252 1685 2365 triumpho,
1715 2256 1754 2336 iit
1796 2254 1962 2361 gloria..

600 2418 631 2466 „
654 2370 828 2477 Januam
858 2390 1083 2461 venerunt,
1108 2370 1149 2452 81
1175 2365 1430 2480 parimento
1460 2370 1586 2478 pleno
1627 2368 1874 2479 privilegia,
1919 2365 1963 2449 &

489 2582 492 2591 Ι
600 2529 631 2577 ,,
659 2480 828 2577 omnia,
867 2506 970 2591 quae
1004 2484 1049 2563 in
1089 2480 1265 2586 Synodo
1294 2479 1401 2587 gesta
1435 2479 1625 2573 fuerunt,
1651 2504 1723 2591 pet
1769 2480 1963 2563 ordinem

600 2644 631 2688 „
660 2620 683 2675 a
715 2594 882 2677 Caffaro
913 2600 1068 2678 narrata
1097 2596 1285 2684 suerunt,
1316 2593 1409 2676 ficut
1434 2594 1562 2687 vidit,
1591 2590 1806 2677 &audivit
1829 2599 1872 2674 in
1902 2589 1965 2696 sy·

598 2759 627 2804 „
659 2704 775 2789 nodo
804 2760 859 2804 ,‚.
892 2710 1024 2815 Etiam
1060 2706 1240 2820 Jacobus
1281 2704 1332 2790 de
1363 2706 1566 2816 Varagine
1602 2713 1666 2812 (1)
1693 2704 1860 2798 scribit,
1891 2709 1964 2787 in„

602 2820 802 2903 Concilio
828 2810 987 2907 Roniae
1015 2848 1126 2926 anno
1152 2818 1422 2931 supracitato
1449 2818 1659 2905 celebrato
1684 2814 1966 2929 Pontificem.»

601 2929 784 3018 Pisanum
814 2934 1114 3040 jurisdictione,
1157 2959 1279 3046 quam
1318 2940 1359 3018 in
1389 2934 1555 3051 Corficp
1594 2929 1847 3028 exercebat,
1882 2934 1966 3042 pri·

591 3048 735 3131 vitum
762 3047 897 3134 fuisit.
936 3045 1088 3134 Nescio
1111 3069 1276 3141 autem,
1299 3049 1410 3132 unde
1443 3047 1622 3163 Jacobut
1662 3049 1742 3161 ipse
1792 3045 1968 3130 hauserit

601 3161 826 3266 callixtum
843 3159 1028 3272 ,Pisanos
1054 3185 1242 3274 tanquam
1269 3162 1456 3274 Ecclesiae
1478 3162 1639 3246 rebelles
1676 3162 1963 3246 excommuni-

598 3263 768 3362 cationis
792 3301 956 3389 quoque
979 3303 1116 3390 poena
1151 3272 1356 3376 affecisset
1392 3301 1483 3360 cum
1513 3274 1557 3359 id
1587 3303 1716 3384 neque
1745 3303 1798 3358 ex
1821 3276 1963 3357 Ponti-

599 3385 700 3472 ficiis
726 3391 895 3484 litteris,
926 3417 1056 3500 neque
1086 3417 1135 3472 ex
1165 3389 1333 3473 Cafftro
1362 3415 1503 3472 eorum
1527 3413 1760 3500 temporum
1792 3391 1959 3468 auiiore

601 3503 1011 3614 constenssredere
1048 3502 1219 3586 fortassis
1265 3503 1411 3609 aliquis
1453 3497 1606 3612 posset,
1651 3500 1868 3585 Callistum
1896 3528 1967 3582 ex·

461 3637 465 3646 ’
600 3615 912 3702 communicasse
945 3617 1131 3707 Pisanos,
1168 3613 1281 3722 quod
1309 3615 1349 3698 hi
1381 3617 1491 3700 illius
1524 3615 1764 3698 sententiam
1792 3613 1963 3696 moleste

552 3739 553 3743 ’
598 3729 830 3817 sustinentes
857 3731 998 3842 iniussu
1024 3727 1230 3836 Pontifitis
1259 3727 1468 3822 abierunt,
1497 3755 1544 3810 ac
1566 3727 1704 3810 beilum
1720 3730 1858 3843 factet
1887 3728 1967 3808 Ge-

602 3843 800 3958 nnenpsbus
826 3849 1086 3955 institerunt,
1111 3864 1158 3926 ut
1185 3839 1561 3954 affirmatSigoniut
1590 3850 1680 3947 (2).
1713 3854 1767 3927 At
1798 3842 1860 3924 vir
1890 3837 1965 3923 do-

605 3957 789 4046 iiiffimus
827 3964 868 4045 in
895 3985 1038 4045 errore
1063 3954 1405 4056 versatu13teiiis
1430 3960 1485 4042 eli
1513 3959 1622 4039 enim
1660 3957 1877 4042 Honorius
1908 3953 1973 4038 ll.-

605 4073 718 4180 quod
745 4075 978 4163 Genuenses
1001 4071 1133 4156 honori
1157 4067 1294 4185 Pisani
1312 4072 1444 4185 populi
1473 4069 1730 4166 invidentes,
1759 4068 1806 4160 ct
1836 4097 1965 4149 eorum

602 4193 880 4278 incrementum
915 4217 1035 4305 aequo
1074 4189 1205 4269 animo
1233 4214 1306 4269 nott
1329 4187 1538 4300 ferentes,
1565 4185 1675 4299 bajus
1704 4189 1765 4268 rei
1785 4179 1967 4294 sumpta„

1807 4322 1913 4379 occa-

601 4498 659 4564 (1)
681 4501 733 4573 Op.
759 4497 810 4556 eit.
829 4509 1044 4579 perenn-cap.
1071 4517 1119 4560 ιο.
1270 4460 1274 4470 „
1727 4505 1779 4520 Α

602 4576 661 4654 (2)
683 4579 725 4638 De
754 4583 844 4659 tegno
865 4578 972 4639 ltaliae
992 4575 1042 4638 lii.
1057 4589 1117 4640 ⁹10.
1139 4578 1189 4640 eol.
1209 4581 1282 4662 450.
1303 4573 1335 4637 Τ.
1354 4579 1397 4637 ll.
1412 4585 1452 4650 ep.
1474 4571 1540 4634 edit.
1563 4588 1649 4647 173²·
1760 4593 1765 4599 ·
