4292 5875
187 658 340 745 Pisano
364 660 554 749 Pontifici
580 661 949 778 obtemperabant,
977 670 1129 751 censuit
1152 689 1265 749 anno
1295 668 1416 751 eriam
1445 670 1559 779 paus-

188 774 235 857 lo
261 804 354 862 ante
382 781 506 861 citato
527 780 584 860 ita
612 776 651 861 se
675 806 763 865 rem
791 774 998 863 habuisse.
1028 790 1086 865 At
1118 776 1158 863 id
1190 778 1332 863 fassum
1362 780 1449 864 esse·
1468 806 1557 888 per·

189 884 431 1002 perspicua,
461 914 653 1001 certaque
677 915 940 979 monumenta
975 892 1285 993 demonstran13
1327 920 1418 975 nam
1458 894 1558 979 Cie-

188 1024 307 1085 mens
331 1006 658 1107 hujusmontinis
687 1013 760 1095 Vs.
787 1014 830 1090 in
858 1009 1108 1113 litteris(t)‚
1136 1006 1282 1115 quibus
1299 1032 1411 1091 anno
1430 1036 1549 1119 1344·

189 1116 232 1199 in
262 1118 506 1229 Episcopum
536 1118 826 1208 Civitarensem
848 1120 893 1203 in
921 1120 1110 1205 Sardinia
1127 1130 1192 1227 (a)
1220 1123 1346 1229 elegit
1378 1126 1552 1205 Bernar·
1611 1157 1617 1229 g

187 1225 288 1311 dum
318 1228 511 1316 Rubrum
535 1232 588 1313 de
602 1234 762 1317 Ordine
793 1240 977 1319 Fratrum
1003 1240 1242 1325 Minoturm
1294 1260 1432 1345 aperte
1471 1238 1556 1333 ait,

187 1340 304 1449 quod
328 1342 455 1427 Sedes
478 1345 733 1434 Civitatettfis
754 1348 814 1430 al
832 1348 1271 1456 Romanam'Eccsrstem
1297 1348 1403 1431 nesso
1430 1349 1554 1431 medio

180 1460 388 1568 pertinet.
418 1456 596 1570 idipsum
618 1459 746 1546 tradit
771 1462 1035 1547 Innocentius
1063 1460 1138 1545 Vr.
1165 1464 1209 1542 iu·
1237 1464 1387 1545 litteris
1406 1469 1476 1571 (ς)
1500 1460 1554 1543 ad

187 1568 419 1654 Gerardum
445 1571 626 1675 ejusdem
655 1574 828 1659 Ordinis
866 1575 1080 1669 sedatam,
1118 1580 1241 1685 quein
1270 1600 1383 1657 rnno
1428 1594 1555 1683 1353.

187 1686 338 1769 octavo
356 1684 445 1767 idus
459 1687 708 1771 Novembris
724 1710 971 1773 memoratae
987 1690 1107 1771 Senta
1121 1684 1365 1773 Pontificem
1380 1694 1550 1773 creavit.

245 1794 421 1882 Tametsi
450 1825 610 1909 praeter
636 1826 906 1888 memoratam
930 1807 1145 1887 Notitiam
1171 1808 1236 1906 (4)
1264 1800 1319 1885 ab
1350 1800 1556 1914 Episcopo

187 1908 424 1995 Catharenst
447 1912 694 2007 collectam,
723 1917 880 2001 nullum
906 1914 1045 2010 aliud,
1063 1940 1258 2026 quantum
1286 1913 1401 2009 scio,
1428 1939 1556 2007 vetur,

189 2027 528 2137 exploratumque
553 2054 858 2113 monumentum
884 2026 1076 2139 supersit,
1102 2058 1153 2112 ex
1191 2054 1278 2136 quo
1303 2028 1552 2124 erudiamur,

190 2137 528 2257 Galteliinensem
550 2166 715 2253 quoque
731 2144 972 2255 Episcopum
1001 2144 1124 2224 initio
1138 2144 1302 2225 circiter
1318 2137 1462 2224 saeculi
1490 2138 1560 2221 de·

193 2253 425 2363 cimiquarti
457 2250 580 2337 solius
607 2260 787 2341 Romani
833 2251 1042 2341 Pontificio
1081 2254 1260 2365 imperio
1286 2280 1432 2367 parere
1465 2278 1561 2336 coe·

188 2360 314 2474 pisse,
343 2367 411 2447 vix
439 2388 605 2461 tamen,
630 2397 677 2454 ac
710 2374 856 2459 nesrix
884 2367 1053 2478 quidem
1085 2368 1238 2451 dubito
1288 2392 1428 2477 roprer
1457 2391 1557 2449 con·

188 2479 362 2587 jesturas
389 2480 567 2591 superius
605 2482 779 2577 assatae,
818 2488 918 2591 quin
958 2484 1013 2565 ita
1052 2476 1204 2563 fastum
1251 2392 1319 2563 dt.
1358 2484 1451 2573 Nec·
1476 2478 1558 2573 est,

189 2592 302 2702 quod
334 2598 648 2703 quis'opponat,
673 2593 1009 2683 Galrellinenseni
1037 2592 1269 2678 Praesulem
1294 2617 1407 2676 anno
1437 2618 1560 2699 1302.

188 2702 260 2786 die
297 2703 440 2789 mensas
470 2703 681 2791 Februarii
707 2706 843 2804 sexta,
888 2734 981 2792 cum
1011 2703 1332 2797 vadimonium,
1369 2702 1485 2813 quod
1515 2706 1554 2787 ei

93 2864 95 2867 ·
189 2819 453 2904 constituerat
485 2820 727 2913 Tancredue
749 2822 801 2906 de
833 2818 1170 2907 Monte-rinaldi
1204 2820 1394 2902 Vicatiut
1434 2822 1563 2929 Joan-

190 2937 255 3014 nie
287 2930 594 3045 Archiepiscopi
622 2933 754 3020 Pisani
780 2930 1039 3028 deseruisset,
1064 2963 1087 3017 a
1113 2928 1338 3018 Tauctedo
1361 2926 1455 3043 ipso
1490 2958 1562 3014 ex·
1618 2984 1622 2990 -

190 3049 535 3131 communicatum
564 3043 676 3130 fuisse
705 3056 800 3156 (5):
828 3074 880 3134 ex
906 3075 992 3156 quo
1022 3045 1168 3131 inferri
1212 3042 1323 3154 posse
1363 3044 1557 3140 videtur,

187 3184 500 3360 discissis?
507 3161 877 3386 cessistis
896 3155 1324 3385 ,misensis
1340 3151 1562 3376 εῗιῗᾝῗέἑ

182 3388 368 3493 quamvis
395 3385 576 3499 Jacobus
601 3415 714 3472 anno
740 3389 923 3502 superius
964 3391 1092 3472 citato
1130 3387 1214 3494 jam
1251 3381 1351 3467 inde
1379 3412 1401 3465 a
1433 3381 1562 3466 lustro

187 3497 377 3584 Sardinia
405 3505 938 3612 potiretur,attamencum
957 3499 1246 3585 nondumeam
1274 3491 1442 3611 pacifice
1471 3489 1563 3604 pos-

185 3609 360 3707 sideret,
390 3618 607 3698 memorati
637 3611 898 3730 Episcopatus
926 3643 1009 3700 non
1039 3613 1172 3700 adhuc
1200 3610 1365 3698 Pisaeae
1399 3611 1561 3692 Metro·

182 3727 292 3842 polis
332 3729 475 3838 jugum
516 3725 789 3816 excussissem.
820 3731 917 3816 Dici
952 3733 1079 3816 etiam
1104 3725 1266 3842 potest,
1306 3749 1355 3811 ur
1395 3715 1560 3918 Barsbo.

841 3871 846 3878 ·
1301 3857 1333 3908 ·.
1419 3918 1423 3926 ,
1482 3861 1508 3917 a

188 4036 232 4103 (t)
254 4029 571 4114 ApudWaddingum
591 4041 621 4097 Τ.
642 4041 708 4099 Vis.
726 4037 839 4098 Annas.
859 4037 1005 4097 Mr'nrrtrnr
1020 4049 1059 4115 pu
1076 4077 1085 4096 .
1103 4033 1249 4110 538.edit.
1267 4036 1347 4091 Rem.
1454 4099 1463 4118 ⁵
1526 4097 1536 4114 ο

185 4117 230 4186 (a)
253 4111 410 4177 Ecclefiam
431 4112 676 4187 civitatensem,
704 4112 789 4190 cujus
809 4112 969 4197 Episcopus
1002 4111 1031 4177 sa
1062 4132 1095 4177 us
1124 4111 1168 4176 est
1204 4107 1379 4174 Bernardut
1420 4098 1506 4166 fuisse
1525 4117 1560 4162 an

270 4193 408 4258 Sardinia
426 4208 529 4276 aperte
553 4193 596 4256 ait
616 4193 802 4276 Waddingus
818 4199 918 4258 Tacit.
940 4193 980 4344 ap
996 4217 1061 4256 earn
1076 4213 1149 4254 aaa.
1170 4213 1203 4253 n.
1222 4196 1325 4272 dm.
1340 4201 1409 4264 313.
1422 4183 1479 4262 ‚dr
1507 4197 1566 4262 ego

217 4289 221 4296 '
267 4273 299 4339 id
324 4273 477 4356 perspicue
493 4271 608 4336 ostendi
630 4279 662 4334 ι’»
684 4277 767 4335 Sars.
794 4281 859 4336 See.
882 4291 948 4356 pag.
979 4283 1026 4348 76.
1049 4273 1083 4335 in
1104 4274 1226 4334 notit.-

189 4354 239 4432 (3)
262 4355 356 4436 Apud
377 4354 581 4436 Waddinguna
595 4361 623 4415 ῖ.
639 4357 724 4414 ΗΠ.
738 4369 780 4432 ap.
799 4357 850 4414 eir.
866 4369 933 4434 pag.
947 4349 1017 4432 436.

190 4445 221 4510 (4
258 4443 293 4498 lu
311 4435 367 4498 hae
386 4435 469 4498 enirn
491 4427 722 4496 Galtesiinensrs
742 4429 938 4511 Episcopatus
957 4433 1068 4514 dicitur
1084 4439 1250 4510 exemtus.
1501 4495 1509 4514 ι
1536 4497 1545 4514 ⁰

188 4523 232 4592 (ς)
255 4513 386 4578 Consule
406 4526 663 4587 monumentum,
684 4511 766 4593 quod
788 4508 851 4590 post
872 4509 1076 4594 ughellium,
1096 4529 1133 4575 ac
1162 4503 1332 4574 trannin
1351 4499 1423 4589 ¹ipse
1437 4495 1510 4568 dedi
1531 4513 1565 4564 ut

261 4595 380 4678 Episcopi.
400 4593 600 4673 Gasttssinens.
622 4614 653 4654 n.
670 4609 697 4672 3.
717 4607 786 4676 pag.
799 4594 871 4654 282.
