<?xml version="1.0" encoding="UTF-8"?>
<!DOCTYPE html PUBLIC "-//W3C//DTD XHTML 1.0 Transitional//EN"
    "http://www.w3.org/TR/xhtml1/DTD/xhtml1-transitional.dtd">
<html xmlns="http://www.w3.org/1999/xhtml" xml:lang="en" lang="en">
 <head>
  <title>
</title>
<meta http-equiv="Content-Type" content="text/html;charset=utf-8" />
  <meta name='ocr-system' content='tesseract 3.04.00' />
  <meta name='ocr-capabilities' content='ocr_page ocr_carea ocr_par ocr_line ocrx_word'/>
</head>
<body>
  <div class='ocr_page' id='page_1' title='image "./ecclesiaepisana00mattgoog/ecclesiaepisana00mattgoog_0074.png"; bbox 0 0 4292 5875; ppageno 0'>
   <div class='ocr_carea' id='block_1_1' title="bbox 183 528 1629 2797">
    <p class='ocr_par' dir='ltr' id='par_1_1' title="bbox 183 528 1629 2797">
     <span class='ocr_line' id='line_1_1' title="bbox 642 528 1512 632; baseline 0.001 -21"><span class='ocrx_word' id='word_1_1' title='bbox 642 528 1121 632; x_wconf 74' lang='lat' dir='ltr'><em>HISTORIA.</em></span> <span class='ocrx_word' id='word_1_2' title='bbox 1460 540 1512 632; x_wconf 59' lang='grc' dir='ltr'>η</span> 
     </span>
     <span class='ocr_line' id='line_1_2' title="bbox 199 636 1572 753; baseline 0.003 -35"><span class='ocrx_word' id='word_1_3' title='bbox 199 637 318 722; x_wconf 78' lang='lat' dir='ltr'>idem</span> <span class='ocrx_word' id='word_1_4' title='bbox 345 642 424 753; x_wconf 83' lang='lat' dir='ltr'>ipsc</span> <span class='ocrx_word' id='word_1_5' title='bbox 456 642 674 725; x_wconf 83' lang='lat' dir='ltr'>Baiduinus</span> <span class='ocrx_word' id='word_1_6' title='bbox 704 668 813 724; x_wconf 88' lang='lat' dir='ltr'>anno</span> <span class='ocrx_word' id='word_1_7' title='bbox 838 645 1004 725; x_wconf 80' lang='lat' dir='ltr'>circiter</span> <span class='ocrx_word' id='word_1_8' title='bbox 1037 653 1168 749; x_wconf 79' lang='lat'>¹1146.</span> <span class='ocrx_word' id='word_1_9' title='bbox 1207 636 1393 751; x_wconf 86' lang='lat' dir='ltr'>Judiccm</span> <span class='ocrx_word' id='word_1_10' title='bbox 1427 643 1572 725; x_wconf 72' lang='lat' dir='ltr'>Arbo-</span> 
     </span>
     <span class='ocr_line' id='line_1_3' title="bbox 194 752 1566 867; baseline 0.002 -34"><span class='ocrx_word' id='word_1_11' title='bbox 194 754 356 837; x_wconf 84' lang='lat' dir='ltr'>reoiem</span> <span class='ocrx_word' id='word_1_12' title='bbox 384 783 514 867; x_wconf 86' lang='lat' dir='ltr'>poena</span> <span class='ocrx_word' id='word_1_13' title='bbox 540 757 984 838; x_wconf 69' lang='lat' dir='ltr'>excommunicationis</span> <span class='ocrx_word' id='word_1_14' title='bbox 1007 754 1172 851; x_wconf 82' lang='lat' dir='ltr'>affecit,</span> <span class='ocrx_word' id='word_1_15' title='bbox 1217 752 1566 860; x_wconf 76' lang='lat' dir='ltr'>quemadmodum</span> 
     </span>
     <span class='ocr_line' id='line_1_4' title="bbox 194 866 1565 976; baseline 0.001 -29"><span class='ocrx_word' id='word_1_16' title='bbox 194 891 247 949; x_wconf 82' lang='lat' dir='ltr'>ex</span> <span class='ocrx_word' id='word_1_17' title='bbox 282 870 427 952; x_wconf 78' lang='lat' dir='ltr'>illustri</span> <span class='ocrx_word' id='word_1_18' title='bbox 471 877 509 953; x_wconf 86' lang='lat' dir='ltr'>S.</span> <span class='ocrx_word' id='word_1_19' title='bbox 538 869 736 952; x_wconf 82' lang='lat' dir='ltr'>Beroardi</span> <span class='ocrx_word' id='word_1_20' title='bbox 763 868 814 949; x_wconf 90' lang='lat' dir='ltr'>ad</span> <span class='ocrx_word' id='word_1_21' title='bbox 847 868 1073 976; x_wconf 84' lang='lat' dir='ltr'>Eugenium</span> <span class='ocrx_word' id='word_1_22' title='bbox 1101 875 1174 954; x_wconf 80' lang='grc' dir='ltr'><strong>ΙΙΙ.</strong></span> <span class='ocrx_word' id='word_1_23' title='bbox 1200 866 1442 951; x_wconf 83' lang='lat' dir='ltr'>Pontificem</span> <span class='ocrx_word' id='word_1_24' title='bbox 1475 872 1565 950; x_wconf 78' lang='lat' dir='ltr'>ma·</span> 
     </span>
     <span class='ocr_line' id='line_1_5' title="bbox 194 980 1566 1097; baseline 0 -36"><span class='ocrx_word' id='word_1_25' title='bbox 194 982 354 1063; x_wconf 72' lang='lat' dir='ltr'>nimum</span> <span class='ocrx_word' id='word_1_26' title='bbox 384 980 593 1066; x_wconf 78' lang='lat' dir='ltr'>scribentis</span> <span class='ocrx_word' id='word_1_27' title='bbox 622 985 718 1065; x_wconf 83' lang='lat' dir='ltr'>meo</span> <span class='ocrx_word' id='word_1_28' title='bbox 754 982 960 1065; x_wconf 89' lang='lat' dir='ltr'>erudimur</span> <span class='ocrx_word' id='word_1_29' title='bbox 991 1011 1002 1067; x_wconf 78' lang='lat' dir='ltr'>t</span> <span class='ocrx_word' id='word_1_30' title='bbox 1030 1014 1129 1097; x_wconf 84' lang='lat' dir='ltr'>qaae</span> <span class='ocrx_word' id='word_1_31' title='bbox 1160 981 1330 1067; x_wconf 72' lang='lat' dir='ltr'>Sanam</span> <span class='ocrx_word' id='word_1_32' title='bbox 1359 986 1566 1063; x_wconf 75' lang='lat' dir='ltr'>memoriae</span> 
     </span>
     <span class='ocr_line' id='line_1_6' title="bbox 193 1092 1568 1209; baseline 0.001 -36"><span class='ocrx_word' id='word_1_33' title='bbox 193 1094 413 1175; x_wconf 81' lang='lat' dir='ltr'>Baldainas</span> <span class='ocrx_word' id='word_1_34' title='bbox 446 1092 607 1201; x_wconf 69' lang='lat' dir='ltr'>Pisanus</span> <span class='ocrx_word' id='word_1_35' title='bbox 633 1092 945 1207; x_wconf 71' lang='lat' dir='ltr'>Arabitpiicopnt</span> <span class='ocrx_word' id='word_1_36' title='bbox 964 1098 1073 1209; x_wconf 85' lang='lat' dir='ltr'>fecit</span> <span class='ocrx_word' id='word_1_37' title='bbox 1098 1106 1143 1179; x_wconf 85' lang='lat' dir='ltr'>in</span> <span class='ocrx_word' id='word_1_38' title='bbox 1184 1094 1379 1180; x_wconf 75' lang='lat' dir='ltr'>Sardinia</span> <span class='ocrx_word' id='word_1_39' title='bbox 1427 1093 1471 1174; x_wconf 83' lang='lat' dir='ltr'>de</span> <span class='ocrx_word' id='word_1_40' title='bbox 1498 1124 1568 1175; x_wconf 81' lang='lat' dir='ltr'>ex·</span> 
     </span>
     <span class='ocr_line' id='line_1_7' title="bbox 195 1206 1562 1324; baseline 0.004 -41"><span class='ocrx_word' id='word_1_41' title='bbox 195 1214 538 1289; x_wconf 76' lang='lat' dir='ltr'>communicatione</span> <span class='ocrx_word' id='word_1_42' title='bbox 571 1211 801 1317; x_wconf 73' lang='lat' dir='ltr'>Acmonensis</span> <span class='ocrx_word' id='word_1_43' title='bbox 817 1210 999 1321; x_wconf 58' lang='lat' dir='ltr'>Jndicis⁹</span> <span class='ocrx_word' id='word_1_44' title='bbox 1030 1217 1225 1324; x_wconf 82' lang='lat' dir='ltr'>quianon</span> <span class='ocrx_word' id='word_1_45' title='bbox 1265 1210 1344 1317; x_wconf 74' lang='lat' dir='ltr'>nist</span> <span class='ocrx_word' id='word_1_46' title='bbox 1369 1206 1471 1317; x_wconf 77' lang='lat' dir='ltr'>juste</span> <span class='ocrx_word' id='word_1_47' title='bbox 1498 1206 1562 1288; x_wconf 81' lang='lat' dir='ltr'>hot</span> 
     </span>
     <span class='ocr_line' id='line_1_8' title="bbox 195 1320 1566 1434; baseline 0.007 -35"><span class='ocrx_word' id='word_1_48' title='bbox 195 1330 332 1400; x_wconf 75' lang='lat' dir='ltr'>mirum</span> <span class='ocrx_word' id='word_1_49' title='bbox 360 1321 493 1401; x_wconf 84' lang='lat' dir='ltr'>bonum</span> <span class='ocrx_word' id='word_1_50' title='bbox 514 1321 652 1434; x_wconf 76' lang='lat' dir='ltr'>facisse</span> <span class='ocrx_word' id='word_1_51' title='bbox 668 1323 885 1421; x_wconf 66' lang='lat' dir='ltr'>credimus,</span> <span class='ocrx_word' id='word_1_52' title='bbox 910 1327 1043 1434; x_wconf 78' lang='lat' dir='ltr'>vestra</span> <span class='ocrx_word' id='word_1_53' title='bbox 1068 1325 1306 1407; x_wconf 71' lang='lat' dir='ltr'>arctioritate</span> <span class='ocrx_word' id='word_1_54' title='bbox 1333 1344 1488 1416; x_wconf 77' lang='lat' dir='ltr'>ratum,</span> <span class='ocrx_word' id='word_1_55' title='bbox 1518 1320 1566 1408; x_wconf 66' lang='lat'>(9¹</span> 
     </span>
     <span class='ocr_line' id='line_1_9' title="bbox 191 1434 1550 1546; baseline 0.002 -34"><span class='ocrx_word' id='word_1_56' title='bbox 191 1434 449 1541; x_wconf 81' lang='lat' dir='ltr'>inconcaffiam</span> <span class='ocrx_word' id='word_1_57' title='bbox 472 1456 817 1546; x_wconf 73' lang='lat' dir='ltr'>manea-erogamus</span> <span class='ocrx_word' id='word_1_58' title='bbox 840 1446 929 1542; x_wconf 86' lang='lat' dir='ltr'>(r).</span> <span class='ocrx_word' id='word_1_59' title='bbox 966 1438 1212 1523; x_wconf 62' lang='lat' dir='ltr'>V&#39;rlianutab</span> <span class='ocrx_word' id='word_1_60' title='bbox 1245 1437 1432 1543; x_wconf 82' lang='lat' dir='ltr'>Eugenio</span> <span class='ocrx_word' id='word_1_61' title='bbox 1464 1436 1550 1545; x_wconf 87' lang='lat' dir='ltr'>ipso</span> 
     </span>
     <span class='ocr_line' id='line_1_10' title="bbox 193 1548 1559 1660; baseline 0.004 -35"><span class='ocrx_word' id='word_1_62' title='bbox 193 1549 432 1631; x_wconf 81' lang='lat' dir='ltr'>mandatum</span> <span class='ocrx_word' id='word_1_63' title='bbox 464 1554 645 1659; x_wconf 85' lang='lat' dir='ltr'>accepit,</span> <span class='ocrx_word' id='word_1_64' title='bbox 674 1572 717 1635; x_wconf 89' lang='lat' dir='ltr'>ut</span> <span class='ocrx_word' id='word_1_65' title='bbox 743 1573 883 1633; x_wconf 86' lang='lat' dir='ltr'>coram</span> <span class='ocrx_word' id='word_1_66' title='bbox 909 1549 947 1635; x_wconf 85' lang='lat' dir='ltr'>se</span> <span class='ocrx_word' id='word_1_67' title='bbox 973 1579 1120 1637; x_wconf 84' lang='lat' dir='ltr'>vocato</span> <span class='ocrx_word' id='word_1_68' title='bbox 1143 1557 1363 1654; x_wconf 86' lang='lat' dir='ltr'>Haymooe</span> <span class='ocrx_word' id='word_1_69' title='bbox 1393 1548 1559 1660; x_wconf 80' lang='lat' dir='ltr'>Episco-</span> 
     </span>
     <span class='ocr_line' id='line_1_11' title="bbox 188 1661 1565 1773; baseline 0.006 -36"><span class='ocrx_word' id='word_1_70' title='bbox 188 1686 245 1767; x_wconf 86' lang='lat' dir='ltr'>po</span> <span class='ocrx_word' id='word_1_71' title='bbox 279 1662 498 1755; x_wconf 72' lang='lat' dir='ltr'>Sulmonis,</span> <span class='ocrx_word' id='word_1_72' title='bbox 537 1669 604 1770; x_wconf 92' lang='lat' dir='ltr'>qui</span> <span class='ocrx_word' id='word_1_73' title='bbox 654 1664 841 1749; x_wconf 81' lang='lat' dir='ltr'>Pontifici</span> <span class='ocrx_word' id='word_1_74' title='bbox 879 1666 1121 1748; x_wconf 82' lang='lat' dir='ltr'>Cala&#39;rita&#39;no</span> <span class='ocrx_word' id='word_1_75' title='bbox 1149 1690 1243 1748; x_wconf 89' lang='lat' dir='ltr'>tunc</span> <span class='ocrx_word' id='word_1_76' title='bbox 1284 1661 1483 1773; x_wconf 83' lang='lat' dir='ltr'>parebat,</span> <span class='ocrx_word' id='word_1_77' title='bbox 1513 1666 1565 1745; x_wconf 87' lang='lat' dir='ltr'>li-</span> 
     </span>
     <span class='ocr_line' id='line_1_12' title="bbox 187 1771 1558 1889; baseline 0.004 -36"><span class='ocrx_word' id='word_1_78' title='bbox 187 1797 299 1871; x_wconf 85' lang='lat' dir='ltr'>tcm‚</span> <span class='ocrx_word' id='word_1_79' title='bbox 326 1800 429 1881; x_wconf 82' lang='lat' dir='ltr'>quac·</span> <span class='ocrx_word' id='word_1_80' title='bbox 459 1783 565 1857; x_wconf 66' lang='lat' dir='ltr'>incer</span> <span class='ocrx_word' id='word_1_81' title='bbox 596 1778 857 1881; x_wconf 78' lang='lat' dir='ltr'>Haymoncm</span> <span class='ocrx_word' id='word_1_82' title='bbox 884 1771 1038 1889; x_wconf 83' lang='lat' dir='ltr'>ipsum,</span> <span class='ocrx_word' id='word_1_83' title='bbox 1066 1780 1108 1862; x_wconf 86' lang='lat'>&amp;</span> <span class='ocrx_word' id='word_1_84' title='bbox 1153 1774 1401 1861; x_wconf 81' lang='lat' dir='ltr'>Raioaldum</span> <span class='ocrx_word' id='word_1_85' title='bbox 1449 1773 1558 1861; x_wconf 73' lang='lat' dir='ltr'>Casi-</span> 
     </span>
     <span class='ocr_line' id='line_1_13' title="bbox 191 1887 1549 1987; baseline 0.004 -22"><span class='ocrx_word' id='word_1_86' title='bbox 191 1892 354 1971; x_wconf 80' lang='lat' dir='ltr'>ncni&#39;em</span> <span class='ocrx_word' id='word_1_87' title='bbox 403 1887 602 1973; x_wconf 79' lang='lat' dir='ltr'>Abbatem</span> <span class='ocrx_word' id='word_1_88' title='bbox 642 1914 757 1986; x_wconf 88' lang='lat' dir='ltr'>erat,</span> <span class='ocrx_word' id='word_1_89' title='bbox 794 1890 1045 1978; x_wconf 84' lang='lat' dir='ltr'>dirimeret:</span> <span class='ocrx_word' id='word_1_90' title='bbox 1091 1889 1343 1975; x_wconf 70' lang='lat' dir='ltr'>ut&#39;cauffarn</span> <span class='ocrx_word' id='word_1_91' title='bbox 1388 1888 1549 1987; x_wconf 82' lang='lat' dir='ltr'>finiret,</span> 
     </span>
     <span class='ocr_line' id='line_1_14' title="bbox 188 2002 1550 2115; baseline 0.004 -35"><span class='ocrx_word' id='word_1_92' title='bbox 188 2024 310 2105; x_wconf 89' lang='lat' dir='ltr'>quarn</span> <span class='ocrx_word' id='word_1_93' title='bbox 340 2002 577 2087; x_wconf 87' lang='lat' dir='ltr'>Turritaous</span> <span class='ocrx_word' id='word_1_94' title='bbox 599 2004 939 2115; x_wconf 83' lang='lat' dir='ltr'>Archrprcsbytec</span> <span class='ocrx_word' id='word_1_95' title='bbox 968 2033 1151 2088; x_wconf 86' lang='lat' dir='ltr'>moverat</span> <span class='ocrx_word' id='word_1_96' title='bbox 1174 2032 1317 2089; x_wconf 82' lang='lat' dir='ltr'>contra</span> <span class='ocrx_word' id='word_1_97' title='bbox 1343 2010 1386 2089; x_wconf 84' lang='lat' dir='ltr'>M</span> <span class='ocrx_word' id='word_1_98' title='bbox 1404 2008 1550 2085; x_wconf 87' lang='lat' dir='ltr'>maste-</span> 
     </span>
     <span class='ocr_line' id='line_1_15' title="bbox 189 2114 1551 2228; baseline 0.001 -35"><span class='ocrx_word' id='word_1_99' title='bbox 189 2116 295 2194; x_wconf 89' lang='lat' dir='ltr'>rium</span> <span class='ocrx_word' id='word_1_100' title='bbox 324 2122 363 2197; x_wconf 88' lang='lat' dir='ltr'>S.</span> <span class='ocrx_word' id='word_1_101' title='bbox 397 2120 552 2198; x_wconf 88' lang='lat' dir='ltr'>Mariae</span> <span class='ocrx_word' id='word_1_102' title='bbox 578 2118 628 2201; x_wconf 88' lang='lat' dir='ltr'>de</span> <span class='ocrx_word' id='word_1_103' title='bbox 668 2124 805 2228; x_wconf 85' lang='lat' dir='ltr'>Tergo</span> <span class='ocrx_word' id='word_1_104' title='bbox 849 2126 937 2221; x_wconf 82' lang='lat' dir='ltr'>(a).</span> <span class='ocrx_word' id='word_1_105' title='bbox 978 2120 1159 2203; x_wconf 79' lang='lat' dir='ltr'>Fredolas</span> <span class='ocrx_word' id='word_1_106' title='bbox 1202 2118 1247 2199; x_wconf 80' lang='lat' dir='ltr'>de</span> <span class='ocrx_word' id='word_1_107' title='bbox 1276 2117 1448 2226; x_wconf 68' lang='lat' dir='ltr'>Andusia</span> <span class='ocrx_word' id='word_1_108' title='bbox 1472 2114 1551 2200; x_wconf 80' lang='lat' dir='ltr'>Ab.</span> 
     </span>
     <span class='ocr_line' id='line_1_16' title="bbox 184 2223 1629 2343; baseline 0.007 -42"><span class='ocrx_word' id='word_1_109' title='bbox 184 2223 251 2305; x_wconf 85' lang='lat' dir='ltr'>bas</span> <span class='ocrx_word' id='word_1_110' title='bbox 282 2225 524 2337; x_wconf 78' lang='lat' dir='ltr'>Maffiiiensts</span> <span class='ocrx_word' id='word_1_111' title='bbox 553 2230 600 2309; x_wconf 82' lang='lat' dir='ltr'>ab</span> <span class='ocrx_word' id='word_1_112' title='bbox 629 2228 913 2343; x_wconf 67' lang='lat' dir='ltr'>Aithiopiscopo</span> <span class='ocrx_word' id='word_1_113' title='bbox 943 2232 1079 2341; x_wconf 79' lang='lat' dir='ltr'>Pisano</span> <span class='ocrx_word' id='word_1_114' title='bbox 1110 2235 1312 2326; x_wconf 83' lang='lat' dir='ltr'>Primate,</span> <span class='ocrx_word' id='word_1_115' title='bbox 1353 2259 1396 2312; x_wconf 88' lang='lat' dir='ltr'>ac</span> <span class='ocrx_word' id='word_1_116' title='bbox 1425 2236 1551 2341; x_wconf 79' lang='lat' dir='ltr'>cha·</span> <span class='ocrx_word' id='word_1_117' title='bbox 1624 2246 1629 2255; x_wconf 82' lang='lat'>&#39;</span> 
     </span>
     <span class='ocr_line' id='line_1_17' title="bbox 186 2342 1550 2452; baseline 0.004 -35"><span class='ocrx_word' id='word_1_118' title='bbox 186 2358 229 2417; x_wconf 90' lang='lat' dir='ltr'>to</span> <span class='ocrx_word' id='word_1_119' title='bbox 256 2347 300 2419; x_wconf 85' lang='lat' dir='ltr'>in</span> <span class='ocrx_word' id='word_1_120' title='bbox 330 2343 550 2435; x_wconf 80' lang='lat' dir='ltr'>Sardinia,</span> <span class='ocrx_word' id='word_1_121' title='bbox 578 2342 624 2431; x_wconf 75' lang='lat' dir='ltr'>ct</span> <span class='ocrx_word' id='word_1_122' title='bbox 650 2372 674 2424; x_wconf 85' lang='lat' dir='ltr'>a</span> <span class='ocrx_word' id='word_1_123' title='bbox 700 2348 952 2451; x_wconf 78' lang='lat' dir='ltr'>Constantino</span> <span class='ocrx_word' id='word_1_124' title='bbox 979 2349 1175 2452; x_wconf 75' lang='lat' dir='ltr'>Antistiae</span> <span class='ocrx_word' id='word_1_125' title='bbox 1211 2346 1446 2439; x_wconf 81' lang='lat' dir='ltr'>Calaritano</span> <span class='ocrx_word' id='word_1_126' title='bbox 1476 2348 1550 2423; x_wconf 81' lang='lat' dir='ltr'>Ec·</span> 
     </span>
     <span class='ocr_line' id='line_1_18' title="bbox 183 2452 1552 2567; baseline 0.006 -35"><span class='ocrx_word' id='word_1_127' title='bbox 183 2452 317 2535; x_wconf 80' lang='lat' dir='ltr'>clerae</span> <span class='ocrx_word' id='word_1_128' title='bbox 346 2459 391 2539; x_wconf 81' lang='lat' dir='ltr'>S.</span> <span class='ocrx_word' id='word_1_129' title='bbox 423 2462 638 2543; x_wconf 77' lang='lat' dir='ltr'>Saturnini</span> <span class='ocrx_word' id='word_1_130' title='bbox 663 2454 853 2564; x_wconf 80' lang='lat' dir='ltr'>ceffiomm</span> <span class='ocrx_word' id='word_1_131' title='bbox 874 2460 1072 2553; x_wconf 79' lang='lat' dir='ltr'>obtinuit,</span> <span class='ocrx_word' id='word_1_132' title='bbox 1089 2461 1222 2567; x_wconf 89' lang='lat' dir='ltr'>inquit</span> <span class='ocrx_word' id='word_1_133' title='bbox 1249 2464 1311 2538; x_wconf 86' lang='lat' dir='ltr'>vir</span> <span class='ocrx_word' id='word_1_134' title='bbox 1336 2456 1552 2540; x_wconf 81' lang='lat' dir='ltr'>cruditrffi·</span> 
     </span>
     <span class='ocr_line' id='line_1_19' title="bbox 183 2567 1541 2680; baseline 0.006 -35"><span class='ocrx_word' id='word_1_135' title='bbox 183 2591 272 2647; x_wconf 88' lang='lat' dir='ltr'>mus</span> <span class='ocrx_word' id='word_1_136' title='bbox 287 2567 502 2674; x_wconf 80' lang='lat' dir='ltr'>Dionysius</span> <span class='ocrx_word' id='word_1_137' title='bbox 529 2572 855 2655; x_wconf 71' lang='lat' dir='ltr'>sammarthanus</span> <span class='ocrx_word' id='word_1_138' title='bbox 884 2578 972 2680; x_wconf 87' lang='lat'><strong>(3).</strong></span> <span class='ocrx_word' id='word_1_139' title='bbox 1005 2576 1158 2655; x_wconf 86' lang='lat' dir='ltr'>Verum</span> <span class='ocrx_word' id='word_1_140' title='bbox 1186 2598 1278 2653; x_wconf 91' lang='lat' dir='ltr'>cum</span> <span class='ocrx_word' id='word_1_141' title='bbox 1303 2569 1420 2653; x_wconf 82' lang='lat' dir='ltr'>cessio</span> <span class='ocrx_word' id='word_1_142' title='bbox 1441 2573 1541 2653; x_wconf 88' lang='lat' dir='ltr'>haec</span> 
     </span>
     <span class='ocr_line' id='line_1_20' title="bbox 183 2676 1550 2797; baseline 0.006 -38"><span class='ocrx_word' id='word_1_143' title='bbox 183 2676 284 2763; x_wconf 72' lang='lat' dir='ltr'>faeta</span> <span class='ocrx_word' id='word_1_144' title='bbox 315 2678 438 2766; x_wconf 87' lang='lat' dir='ltr'>fuerit</span> <span class='ocrx_word' id='word_1_145' title='bbox 465 2686 826 2794; x_wconf 84' lang='lat' dir='ltr'>ann01163.,vel</span> <span class='ocrx_word' id='word_1_146' title='bbox 880 2690 985 2777; x_wconf 83' lang='lat' dir='ltr'>orius</span> <span class='ocrx_word' id='word_1_147' title='bbox 1000 2712 1092 2769; x_wconf 88' lang='lat' dir='ltr'>ante</span> <span class='ocrx_word' id='word_1_148' title='bbox 1110 2686 1246 2797; x_wconf 88' lang='lat' dir='ltr'>plures</span> <span class='ocrx_word' id='word_1_149' title='bbox 1272 2712 1434 2781; x_wconf 82' lang='lat' dir='ltr'>annos,</span> <span class='ocrx_word' id='word_1_150' title='bbox 1464 2709 1550 2792; x_wconf 92' lang='lat' dir='ltr'>quo</span> 
     </span>
    </p>
   </div>
   <div class='ocr_carea' id='block_1_2' title="bbox 180 2714 1550 2905">
    <p class='ocr_par' dir='ltr' id='par_1_2' title="bbox 180 2714 1550 2905">
     <span class='ocr_line' id='line_1_21' title="bbox 180 2714 1550 2905; baseline 0.004 -30"><span class='ocrx_word' id='word_1_151' title='bbox 180 2816 367 2905; x_wconf 86' lang='lat' dir='ltr'>ternpore</span> <span class='ocrx_word' id='word_1_152' title='bbox 392 2794 553 2882; x_wconf 84' lang='lat' dir='ltr'>Pisanus</span> <span class='ocrx_word' id='word_1_153' title='bbox 578 2798 769 2893; x_wconf 83' lang='lat' dir='ltr'>Pontifex</span> <span class='ocrx_word' id='word_1_154' title='bbox 796 2714 876 2883; x_wconf 74' lang='lat' dir='ltr'>etii</span> <span class='ocrx_word' id='word_1_155' title='bbox 896 2806 1051 2883; x_wconf 87' lang='lat' dir='ltr'>Primas</span> <span class='ocrx_word' id='word_1_156' title='bbox 1082 2804 1125 2882; x_wconf 87' lang='lat' dir='ltr'>in</span> <span class='ocrx_word' id='word_1_157' title='bbox 1154 2800 1368 2883; x_wconf 83' lang='lat' dir='ltr'>Provincia</span> <span class='ocrx_word' id='word_1_158' title='bbox 1401 2797 1550 2881; x_wconf 79' lang='lat' dir='ltr'>Turri-</span> 
     </span>
    </p>
   </div>
   <div class='ocr_carea' id='block_1_3' title="bbox 170 2907 1614 3938">
    <p class='ocr_par' dir='ltr' id='par_1_3' title="bbox 170 2907 1614 3938">
     <span class='ocr_line' id='line_1_22' title="bbox 180 2907 1547 3009; baseline 0.005 -21"><span class='ocrx_word' id='word_1_159' title='bbox 180 2927 275 2991; x_wconf 87' lang='lat' dir='ltr'>tana</span> <span class='ocrx_word' id='word_1_160' title='bbox 301 2907 422 3009; x_wconf 79' lang='lat' dir='ltr'>effer,</span> <span class='ocrx_word' id='word_1_161' title='bbox 449 2909 633 2994; x_wconf 89' lang='lat' dir='ltr'>nondum</span> <span class='ocrx_word' id='word_1_162' title='bbox 661 2937 798 2999; x_wconf 84' lang='lat' dir='ltr'>tamen</span> <span class='ocrx_word' id='word_1_163' title='bbox 821 2913 974 2996; x_wconf 77' lang='lat' dir='ltr'>Primus</span> <span class='ocrx_word' id='word_1_164' title='bbox 1000 2934 1087 2998; x_wconf 84' lang='lat' dir='ltr'>etat</span> <span class='ocrx_word' id='word_1_165' title='bbox 1120 2916 1163 2997; x_wconf 90' lang='lat' dir='ltr'>in</span> <span class='ocrx_word' id='word_1_166' title='bbox 1192 2914 1403 2998; x_wconf 77' lang='lat' dir='ltr'>Provincia</span> <span class='ocrx_word' id='word_1_167' title='bbox 1428 2914 1547 2998; x_wconf 82' lang='lat' dir='ltr'>Caia-</span> 
     </span>
     <span class='ocr_line' id='line_1_23' title="bbox 178 3023 1548 3120; baseline 0.006 -18"><span class='ocrx_word' id='word_1_168' title='bbox 178 3024 336 3119; x_wconf 85' lang='lat' dir='ltr'>titana,</span> <span class='ocrx_word' id='word_1_169' title='bbox 364 3024 431 3107; x_wconf 90' lang='lat' dir='ltr'>ubi</span> <span class='ocrx_word' id='word_1_170' title='bbox 462 3023 638 3110; x_wconf 71' lang='lat' dir='ltr'>Ecclesia</span> <span class='ocrx_word' id='word_1_171' title='bbox 666 3034 706 3112; x_wconf 83' lang='lat' dir='ltr'>S·</span> <span class='ocrx_word' id='word_1_172' title='bbox 735 3031 940 3110; x_wconf 85' lang='lat' dir='ltr'>Saturnini</span> <span class='ocrx_word' id='word_1_173' title='bbox 969 3027 1036 3112; x_wconf 82' lang='lat' dir='ltr'>sita</span> <span class='ocrx_word' id='word_1_174' title='bbox 1064 3051 1179 3120; x_wconf 82' lang='lat' dir='ltr'>erat,</span> <span class='ocrx_word' id='word_1_175' title='bbox 1205 3028 1381 3109; x_wconf 87' lang='lat' dir='ltr'>eandem</span> <span class='ocrx_word' id='word_1_176' title='bbox 1412 3023 1548 3110; x_wconf 82' lang='lat' dir='ltr'>cestio·</span> 
     </span>
     <span class='ocr_line' id='line_1_24' title="bbox 179 3133 1541 3236; baseline 0.004 -20"><span class='ocrx_word' id='word_1_177' title='bbox 179 3159 273 3217; x_wconf 86' lang='lat' dir='ltr'>nem</span> <span class='ocrx_word' id='word_1_178' title='bbox 302 3133 401 3222; x_wconf 83' lang='lat' dir='ltr'>fecit</span> <span class='ocrx_word' id='word_1_179' title='bbox 427 3143 587 3226; x_wconf 81' lang='lat' dir='ltr'>Pisanus</span> <span class='ocrx_word' id='word_1_180' title='bbox 610 3142 804 3236; x_wconf 80' lang='lat' dir='ltr'>Autisses,</span> <span class='ocrx_word' id='word_1_181' title='bbox 830 3170 914 3226; x_wconf 88' lang='lat' dir='ltr'>non</span> <span class='ocrx_word' id='word_1_182' title='bbox 936 3168 979 3227; x_wconf 92' lang='lat' dir='ltr'>ut</span> <span class='ocrx_word' id='word_1_183' title='bbox 1005 3145 1186 3236; x_wconf 78' lang='lat' dir='ltr'>Prinas,</span> <span class='ocrx_word' id='word_1_184' title='bbox 1215 3138 1282 3224; x_wconf 88' lang='lat' dir='ltr'>sed</span> <span class='ocrx_word' id='word_1_185' title='bbox 1312 3162 1467 3222; x_wconf 87' lang='lat' dir='ltr'>tantum</span> <span class='ocrx_word' id='word_1_186' title='bbox 1494 3160 1541 3222; x_wconf 94' lang='lat' dir='ltr'>ut</span> 
     </span>
     <span class='ocr_line' id='line_1_25' title="bbox 174 3249 1540 3364; baseline 0.003 -33"><span class='ocrx_word' id='word_1_187' title='bbox 174 3249 349 3356; x_wconf 80' lang='lat' dir='ltr'>legatus</span> <span class='ocrx_word' id='word_1_188' title='bbox 393 3252 653 3364; x_wconf 78' lang='lat' dir='ltr'>Apostolicae</span> <span class='ocrx_word' id='word_1_189' title='bbox 692 3255 830 3338; x_wconf 83' lang='lat' dir='ltr'>Sedis.</span> <span class='ocrx_word' id='word_1_190' title='bbox 861 3253 944 3338; x_wconf 89' lang='lat' dir='ltr'>Sub</span> <span class='ocrx_word' id='word_1_191' title='bbox 981 3253 1122 3338; x_wconf 85' lang='lat' dir='ltr'>iisdem</span> <span class='ocrx_word' id='word_1_192' title='bbox 1154 3252 1410 3363; x_wconf 83' lang='lat' dir='ltr'>temporibus</span> <span class='ocrx_word' id='word_1_193' title='bbox 1440 3255 1540 3335; x_wconf 82' lang='lat' dir='ltr'>Are-</span> 
     </span>
     <span class='ocr_line' id='line_1_26' title="bbox 173 3362 1543 3478; baseline 0.004 -35"><span class='ocrx_word' id='word_1_194' title='bbox 173 3362 332 3446; x_wconf 82' lang='lat' dir='ltr'>xand&#39;er</span> <span class='ocrx_word' id='word_1_195' title='bbox 356 3369 435 3450; x_wconf 85' lang='lat'><em>111.</em></span> <span class='ocrx_word' id='word_1_196' title='bbox 463 3369 632 3452; x_wconf 87' lang='lat' dir='ltr'>Villano</span> <span class='ocrx_word' id='word_1_197' title='bbox 662 3364 838 3478; x_wconf 86' lang='lat' dir='ltr'>superius</span> <span class='ocrx_word' id='word_1_198' title='bbox 867 3363 1285 3462; x_wconf 74' lang='lat' dir='ltr'>laudatoeommifit,</span> <span class='ocrx_word' id='word_1_199' title='bbox 1331 3392 1373 3449; x_wconf 90' lang='lat' dir='ltr'>ut</span> <span class='ocrx_word' id='word_1_200' title='bbox 1417 3367 1543 3448; x_wconf 85' lang='lat' dir='ltr'>Boni-</span> 
     </span>
     <span class='ocr_line' id='line_1_27' title="bbox 171 3475 1539 3573; baseline 0.004 -17"><span class='ocrx_word' id='word_1_201' title='bbox 171 3497 260 3558; x_wconf 91' lang='lat' dir='ltr'>tum</span> <span class='ocrx_word' id='word_1_202' title='bbox 285 3479 564 3568; x_wconf 87' lang='lat' dir='ltr'>Calaritanum</span> <span class='ocrx_word' id='word_1_203' title='bbox 589 3479 842 3573; x_wconf 75' lang='lat' dir='ltr'>praesulem,</span> <span class='ocrx_word' id='word_1_204' title='bbox 873 3481 915 3564; x_wconf 75' lang='grc' dir='ltr'>δι</span> <span class='ocrx_word' id='word_1_205' title='bbox 958 3483 1190 3566; x_wconf 85' lang='lat' dir='ltr'>Monachus</span> <span class='ocrx_word' id='word_1_206' title='bbox 1232 3481 1338 3562; x_wconf 86' lang='lat' dir='ltr'>inter</span> <span class='ocrx_word' id='word_1_207' title='bbox 1378 3475 1416 3562; x_wconf 87' lang='lat' dir='ltr'>se</span> <span class='ocrx_word' id='word_1_208' title='bbox 1456 3480 1539 3562; x_wconf 83' lang='lat' dir='ltr'>liti-</span> 
     </span>
     <span class='ocr_line' id='line_1_28' title="bbox 173 3591 1614 3708; baseline 0 -36"><span class='ocrx_word' id='word_1_209' title='bbox 173 3612 315 3695; x_wconf 83' lang='lat' dir='ltr'>gantes</span> <span class='ocrx_word' id='word_1_210' title='bbox 340 3591 391 3676; x_wconf 91' lang='lat' dir='ltr'>de</span> <span class='ocrx_word' id='word_1_211' title='bbox 419 3592 656 3706; x_wconf 88' lang='lat' dir='ltr'>quibusdam</span> <span class='ocrx_word' id='word_1_212' title='bbox 684 3591 981 3706; x_wconf 81' lang='lat' dir='ltr'>posseffionibus</span> <span class='ocrx_word' id='word_1_213' title='bbox 1009 3617 1277 3708; x_wconf 89' lang='lat' dir='ltr'>componeret</span> <span class='ocrx_word' id='word_1_214' title='bbox 1308 3621 1319 3675; x_wconf 76' lang='grc' dir='ltr'><strong><em>ε</em></strong></span> <span class='ocrx_word' id='word_1_215' title='bbox 1348 3591 1540 3678; x_wconf 83' lang='lat' dir='ltr'>Vilianus</span> <span class='ocrx_word' id='word_1_216' title='bbox 1610 3688 1614 3694; x_wconf 32' lang='grc'><strong><em>,</em></strong></span> 
     </span>
     <span class='ocr_line' id='line_1_29' title="bbox 170 3706 1539 3800; baseline 0.001 -16"><span class='ocrx_word' id='word_1_217' title='bbox 170 3726 307 3786; x_wconf 81' lang='lat' dir='ltr'>autem</span> <span class='ocrx_word' id='word_1_218' title='bbox 345 3730 486 3792; x_wconf 87' lang='lat' dir='ltr'>contra</span> <span class='ocrx_word' id='word_1_219' title='bbox 527 3713 718 3794; x_wconf 86' lang='lat' dir='ltr'>Bonitum</span> <span class='ocrx_word' id='word_1_220' title='bbox 748 3707 989 3793; x_wconf 85' lang='lat' dir='ltr'>sententiam</span> <span class='ocrx_word' id='word_1_221' title='bbox 1017 3711 1132 3800; x_wconf 83' lang='lat' dir='ltr'>tulit,</span> <span class='ocrx_word' id='word_1_222' title='bbox 1171 3706 1396 3792; x_wconf 83' lang='lat' dir='ltr'>decernens</span> <span class='ocrx_word' id='word_1_223' title='bbox 1436 3729 1539 3794; x_wconf 77' lang='lat' dir='ltr'>con·</span> 
     </span>
     <span class='ocr_line' id='line_1_30' title="bbox 174 3817 1317 3938; baseline 0.007 -40"><span class='ocrx_word' id='word_1_224' title='bbox 174 3817 373 3904; x_wconf 86' lang='lat' dir='ltr'>troversas</span> <span class='ocrx_word' id='word_1_225' title='bbox 399 3817 652 3938; x_wconf 81' lang='lat' dir='ltr'>poffeffionct</span> <span class='ocrx_word' id='word_1_226' title='bbox 680 3823 732 3912; x_wconf 88' lang='lat' dir='ltr'>ad</span> <span class='ocrx_word' id='word_1_227' title='bbox 759 3820 991 3906; x_wconf 86' lang='lat' dir='ltr'>Monachos</span> <span class='ocrx_word' id='word_1_228' title='bbox 1019 3821 1238 3938; x_wconf 68' lang='lat' dir='ltr'>speciata(</span> <span class='ocrx_word' id='word_1_229' title='bbox 1271 3827 1317 3926; x_wconf 80' lang='lat'>).</span> 
     </span>
    </p>
   </div>
   <div class='ocr_carea' id='block_1_4' title="bbox 1341 4049 1488 4157">
    <p class='ocr_par' dir='ltr' id='par_1_4' title="bbox 1341 4049 1488 4157">
     <span class='ocr_line' id='line_1_31' title="bbox 1341 4049 1488 4157; baseline -0.007 -28"><span class='ocrx_word' id='word_1_230' title='bbox 1341 4049 1488 4157; x_wconf 85' lang='lat' dir='ltr'>Neque</span> 
     </span>
    </p>
   </div>
   <div class='ocr_carea' id='block_1_5' title="bbox 167 4235 1506 4558">
    <p class='ocr_par' dir='ltr' id='par_1_5' title="bbox 167 4235 1056 4320">
     <span class='ocr_line' id='line_1_32' title="bbox 167 4235 1056 4320; baseline 0.007 -28"><span class='ocrx_word' id='word_1_231' title='bbox 167 4239 213 4304; x_wconf 77' lang='lat' dir='ltr'>(r)</span> <span class='ocrx_word' id='word_1_232' title='bbox 234 4235 316 4312; x_wconf 79' lang='lat' dir='ltr'>Epist.</span> <span class='ocrx_word' id='word_1_233' title='bbox 341 4253 406 4314; x_wconf 70' lang='grc' dir='ltr'>ης.</span> <span class='ocrx_word' id='word_1_234' title='bbox 433 4247 463 4300; x_wconf 85' lang='grc' dir='ltr'>Τ.</span> <span class='ocrx_word' id='word_1_235' title='bbox 483 4245 508 4301; x_wconf 83' lang='lat'>1.</span> <span class='ocrx_word' id='word_1_236' title='bbox 529 4253 585 4320; x_wconf 73' lang='lat' dir='ltr'>app.</span> <span class='ocrx_word' id='word_1_237' title='bbox 611 4241 662 4298; x_wconf 85' lang='lat' dir='ltr'>coi.</span> <span class='ocrx_word' id='word_1_238' title='bbox 684 4242 841 4316; x_wconf 77' lang='lat' dir='ltr'>243.·edit.</span> <span class='ocrx_word' id='word_1_239' title='bbox 868 4243 1036 4304; x_wconf 70' lang='lat' dir='ltr'>mabillonii·</span> <span class='ocrx_word' id='word_1_240' title='bbox 1047 4281 1056 4298; x_wconf 89' lang='lat'>.</span> 
     </span>
    </p>

    <p class='ocr_par' dir='ltr' id='par_1_6' title="bbox 169 4318 1126 4404">
     <span class='ocr_line' id='line_1_33' title="bbox 169 4318 1126 4404; baseline -0.001 -23"><span class='ocrx_word' id='word_1_241' title='bbox 169 4319 210 4382; x_wconf 76' lang='grc' dir='ltr'>(ι)</span> <span class='ocrx_word' id='word_1_242' title='bbox 235 4318 274 4376; x_wconf 84' lang='lat' dir='ltr'>V.</span> <span class='ocrx_word' id='word_1_243' title='bbox 294 4319 413 4398; x_wconf 76' lang='lat' dir='ltr'>Eugem&#39;i</span> <span class='ocrx_word' id='word_1_244' title='bbox 431 4319 545 4380; x_wconf 76' lang='lat' dir='ltr'>litteras</span> <span class='ocrx_word' id='word_1_245' title='bbox 558 4323 635 4396; x_wconf 77' lang='lat' dir='ltr'>apud</span> <span class='ocrx_word' id='word_1_246' title='bbox 657 4320 814 4383; x_wconf 84' lang='lat' dir='ltr'>Gattuiam</span> <span class='ocrx_word' id='word_1_247' title='bbox 835 4337 876 4400; x_wconf 80' lang='lat' dir='ltr'>op.</span> <span class='ocrx_word' id='word_1_248' title='bbox 903 4325 958 4383; x_wconf 72' lang='lat' dir='ltr'>cin·</span> <span class='ocrx_word' id='word_1_249' title='bbox 969 4339 1034 4404; x_wconf 78' lang='lat' dir='ltr'>pag.</span> <span class='ocrx_word' id='word_1_250' title='bbox 1058 4334 1126 4394; x_wconf 77' lang='lat'><em>155.</em></span> 
     </span>
    </p>

    <p class='ocr_par' dir='ltr' id='par_1_7' title="bbox 170 4395 1506 4558">
     <span class='ocr_line' id='line_1_34' title="bbox 170 4395 1506 4478; baseline 0.001 -18"><span class='ocrx_word' id='word_1_251' title='bbox 170 4395 213 4465; x_wconf 78' lang='lat'>(3)</span> <span class='ocrx_word' id='word_1_252' title='bbox 233 4401 262 4454; x_wconf 85' lang='lat' dir='ltr'>T·</span> <span class='ocrx_word' id='word_1_253' title='bbox 290 4403 314 4455; x_wconf 80' lang='grc' dir='ltr'>Ι.</span> <span class='ocrx_word' id='word_1_254' title='bbox 332 4401 448 4461; x_wconf 79' lang='lat' dir='ltr'>Galliae</span> <span class='ocrx_word' id='word_1_255' title='bbox 473 4399 656 4460; x_wconf 62' lang='lat' dir='ltr'>Christianae</span> <span class='ocrx_word' id='word_1_256' title='bbox 678 4401 711 4458; x_wconf 87' lang='lat' dir='ltr'>in</span> <span class='ocrx_word' id='word_1_257' title='bbox 737 4401 811 4459; x_wconf 72' lang='lat' dir='ltr'>rain.</span> <span class='ocrx_word' id='word_1_258' title='bbox 841 4399 986 4462; x_wconf 62' lang='lat' dir='ltr'>abbatum</span> <span class='ocrx_word' id='word_1_259' title='bbox 1009 4401 1252 4476; x_wconf 70' lang='lat' dir='ltr'>Haffli.tti.688.</span> <span class='ocrx_word' id='word_1_260' title='bbox 1274 4397 1341 4463; x_wconf 76' lang='lat' dir='ltr'>etit.</span> <span class='ocrx_word' id='word_1_261' title='bbox 1358 4412 1475 4461; x_wconf 72' lang='lat' dir='ltr'>mata</span> <span class='ocrx_word' id='word_1_262' title='bbox 1501 4465 1506 4478; x_wconf 60' lang='grc'><strong>,</strong></span> 
     </span>
     <span class='ocr_line' id='line_1_35' title="bbox 173 4479 1206 4558; baseline -0.001 -17"><span class='ocrx_word' id='word_1_263' title='bbox 173 4479 217 4550; x_wconf 73' lang='lat' dir='ltr'>(a)</span> <span class='ocrx_word' id='word_1_264' title='bbox 240 4479 409 4542; x_wconf 85' lang='lat' dir='ltr'>Martenius</span> <span class='ocrx_word' id='word_1_265' title='bbox 435 4487 464 4542; x_wconf 85' lang='lat' dir='ltr'>T.</span> <span class='ocrx_word' id='word_1_266' title='bbox 487 4489 512 4544; x_wconf 82' lang='lat'>1.</span> <span class='ocrx_word' id='word_1_267' title='bbox 536 4485 621 4543; x_wconf 79' lang='lat' dir='ltr'>Vetat.</span> <span class='ocrx_word' id='word_1_268' title='bbox 640 4493 815 4542; x_wconf 83' lang='lat' dir='ltr'>monument.</span> <span class='ocrx_word' id='word_1_269' title='bbox 836 4482 887 4542; x_wconf 85' lang='lat' dir='ltr'>cai.</span> <span class='ocrx_word' id='word_1_270' title='bbox 908 4488 977 4558; x_wconf 66' lang='lat'>655.</span> <span class='ocrx_word' id='word_1_271' title='bbox 1164 4512 1170 4522; x_wconf 91' lang='lat'><strong>·</strong></span> <span class='ocrx_word' id='word_1_272' title='bbox 1200 4503 1206 4512; x_wconf 68' lang='lat'><strong><em>¹</em></strong></span> 
     </span>
    </p>
   </div>
   <div class='ocr_carea' id='block_1_6' title="bbox 0 0 2150 5875">
    <p class='ocr_par' dir='ltr' id='par_1_8' title="bbox 0 0 2150 5875">
     <span class='ocr_line' id='line_1_36' title="bbox 0 0 2150 5875; baseline 0 10"><span class='ocrx_word' id='word_1_273' title='bbox 0 0 2150 5875; x_wconf 95' lang='lat' dir='ltr'> </span> 
     </span>
    </p>
   </div>
  </div>
 </body>
</html>
