4292 5875
401 665 407 672 ι
605 563 652 644 H
678 565 698 644 Ι
723 563 756 646 S
785 565 819 642 Τ
849 565 883 640 Ο
911 564 947 644 R
976 563 998 642 Ι
1025 562 1062 642 Α
1079 615 1092 644 .
1388 573 1464 671 2'3'3

164 676 297 769 fallo,
327 669 384 756 ob
408 670 646 785 inopinatos
674 699 864 769 eventus,
893 675 934 758 δι
960 672 1236 767 calamitates,
1261 701 1359 785 quas
1390 678 1521 760 Pisani

165 788 260 904 passa
291 789 381 874 sunt
411 813 523 871 annu
558 799 706 887 1168.,
736 787 913 899 quasque
946 815 995 872 ex
1029 790 1080 872 iis
1119 787 1255 898 plures
1285 812 1448 900 naturae
1478 794 1518 873 vi

159 900 347 988 accidere
381 927 468 984 non
499 898 608 1013 poffe
637 901 948 999 existimabant,
979 901 1047 988 sed
1080 907 1237 986 monita
1265 898 1342 984 effe
1359 905 1522 986 Divina

162 1016 415 1108 credebant,
440 1036 485 1098 ur
515 1013 679 1128 decepti
704 1017 826 1101 Cives
850 1016 888 1103 se
915 1017 967 1101 ad
992 1013 1152 1124 frugem
1179 1014 1360 1111 bonam,
1385 1043 1432 1100 ut
1461 1014 1524 1098 di·-

166 1134 303 1225 eitur‚
335 1133 567 1239 reciperent
592 1137 678 1236 (r).
708 1133 748 1214 A
778 1126 918 1214 menfir
950 1130 1201 1242 Septembris
1226 1129 1442 1214 medietate
1463 1131 1524 1216 us·

169 1271 253 1352 que
279 1241 332 1327 ad
359 1242 488 1353 pridie
515 1242 605 1330 idus
629 1243 879 1330 Novembris
904 1244 1063 1356 pluviae
1089 1244 1197 1326 adeo
1225 1241 1414 1355 copiosae
1441 1239 1526 1327 fue.

165 1380 293 1454 runt,
326 1379 372 1440 ut
398 1355 549 1440 flumen
581 1365 741 1442 Arnum
767 1358 960 1465 dejeflis‚
998 1359 1063 1442 vel
1103 1354 1296 1466 superatis
1323 1359 1422 1470 ripis
1453 1384 1528 1440 no-

166 1475 255 1552 vies
292 1469 410 1576 undis
439 1468 626 1556 obruerit
652 1494 782 1556 rotam
808 1469 1004 1555 Pisauam
1038 1471 1279 1582 planitiem,
1319 1473 1553 1578 multaque

168 1579 355 1666 aedificia
383 1587 673 1694 prostraverit.
704 1583 889 1670 snccess'rr
916 1586 1062 1697 pluviis
1089 1585 1359 1676 sceleratum,
1387 1585 1427 1666 δι
1453 1590 1529 1667 im·-

166 1697 380 1781 modicum
410 1694 564 1804 frigus,
593 1725 675 1807 quo
700 1702 897 1813 Januario
924 1697 1059 1784 mense
1099 1722 1183 1780 ram
1208 1696 1415 1813 forriffimc
1439 1698 1531 1811 fuir

168 1815 368 1930 glaciatus
397 1819 559 1908 Arnus,
591 1811 693 1926 quod
710 1839 779 1926 per
814 1827 880 1897 12.
915 1811 997 1895 dies
1027 1810 1144 1925 super·
1178 1816 1350 1924 glaciem
1380 1837 1405 1894 a
1433 1815 1534 1894 Car·

168 1933 281 2018 raria
299 1924 503 2036 'Gondalae
529 1923 644 2038 usque
671 1925 727 2008 ad
747 1926 931 2013 Sannum
956 1927 1145 2034 Maffeum
1172 1928 1384 2024 mulieres,
1413 1928 1530 2039 equi,

173 2047 354 2153 equites,
394 2068 555 2138 currus,
597 2039 787 2130 &boves
821 2037 954 2150 secure
989 2041 1233 2151 transibant,
1274 2042 1321 2131 (9‘
1356 2064 1537 2121 commem

174 2154 295 2236 bant:
316 2153 522 2266 &quando
536 2151 749 2262 diglacr'ari
771 2160 965 2266 incoepit,
985 2155 1074 2260 furt
1090 2157 1187 2264 Prsts
1210 2152 1349 2268 ubique
1378 2149 1540 2236 auditus

174 2275 376 2351 tonitruus
393 2269 551 2382 fortis,
579 2282 625 2356 ω’
650 2266 872 2352 tremendus
898 2273 1066 2352 maximo
1098 2301 1181 2351 cum
1211 2275 1408 2379 mugitu(
1438 2272 1484 2368 ).

235 2389 349 2466 Haec
380 2383 520 2463 omnia
548 2405 686 2466 tamen
704 2377 1071 2467 nullumincuffere
1095 2407 1245 2478 metum
1277 2381 1536 2476 Benincasae,
1656 2469 1660 2479 ⁴

178 2504 251 2604 qui
279 2495 523 2600 dignitatem
548 2517 692 2580 contra
723 2498 815 2603 jus,
846 2497 886 2580 &
913 2493 972 2578 fas
1004 2495 1213 2581 obtentam
1241 2523 1326 2580 non
1367 2490 1541 2591 dinifit,

176 2608 248 2695 ded
283 2634 371 2688 eam
402 2612 532 2692 tenuit
550 2609 672 2716 ui'que
696 2611 747 2692 ad
764 2637 914 2694 annum
937 2640 1081 2714 ¹¹700²
1105 2636 1148 2695 ut
1176 2612 1304 2720 liquet
1321 2635 1371 2691 ex
1397 2609 1541 2692 instru-

117 2811 121 2820 ,
177 2743 454 2828 ωεηῑοςᾳυο
487 2723 566 2831 ipi'e
587 2731 705 2806 nonis
736 2727 840 2832 Maji
869 2723 1082 2834 praedium
1118 2724 1331 2833 quoddam
1374 2725 1416 2806 in
1456 2747 1542 2803 em·

174 2834 408 2948 phyteufim
436 2833 550 2916 dedit
579 2837 797 2920 Gusrtulr'no
808 2837 901 2944 filio
917 2838 1106 2951 quondam
1130 2837 1380 2951 Balgarrlli,
1409 2833 1542 2945 quod·

176 2978 259 3060 que
304 2948 353 3031 stc
382 2952 557 3056 incipit:
584 2953 813 3063 manifeiius
832 2948 934 3061 sum,
955 2983 1023 3061 ego
1050 2949 1272 3063 Benencasa
1297 2955 1378 3035 Dei
1396 2954 1543 3069 gratia

171 3059 344 3173 Pisanae
380 3061 567 3170 Ecclefiae
599 3062 757 3148 humilis
787 3064 1100 3180 Arcbiepiscopus
1139 3074 1226 3175 (3).
1257 3071 1331 3150 Me
1359 3067 1547 3158 latetm-

177 3190 292 3261 rrum
327 3177 591 3259 intruiushic
617 3180 828 3277 Antister,
867 3208 988 3290 quem
1033 3180 1217 3289 arbitror
1257 3181 1383 3262 alium
1431 3204 1584 3289 non..

177 3289 257 3373 esse
279 3287 330 3373 ab
358 3291 433 3375 illo
466 3294 683 3378 Benincaia
712 3292 931 3376 Canonico
961 3296 1059 3378 item
1090 3292 1268 3387 Pisano,
1298 3294 1391 3387 cui,
1416 3315 1461 3377 ut
1491 3292 1547 3373 le·

177 3409 291 3513 gitur
319 3405 362 3485 in
397 3407 506 3490 Artis
538 3412 601 3509 (4)
624 3414 664 3490 S.
700 3407 927 3512 Raynerii‚
977 3436 999 3490 a
1026 3408 1170 3513 juvene
1202 3406 1383 3519 quodam
1412 3432 1549 3491 natra-

178 3541 267 3602 rum
295 3514 369 3603 fuit
394 3514 546 3626 insrgne
580 3521 822 3606 miraculum
848 3549 871 3604 a
914 3520 1009 3605 Deo
1037 3521 1219 3627 ejusdem
1261 3523 1395 3605 Saudii
1421 3528 1547 3604 inter-

182 3630 356 3714 ceffione
380 3650 610 3743 patratum,
639 3660 753 3719 anno
788 3664 911 3741 1170·
938 3662 961 3717 e
987 3636 1067 3751 pita
1096 3640 1366 3747 migraverit,
1390 3662 1441 3718 an
1468 3634 1550 3716 alia

172 3734 240 3824 'de
268 3742 394 3825 cauisa
422 3745 609 3854 dignitati
646 3749 790 3833 iniuste
835 3745 1049 3856 acquisitae
1080 3757 1277 3834 nuncium
1320 3753 1546 3834 remiserit.

182 3852 372 3941 Portaffis
398 3880 532 3941 tamen
549 3858 591 3942 id
606 3888 744 3944 verum
761 3863 816 3947 est
833 3918 846 3960 ,
878 3866 992 3971 quod
1008 3860 1145 3950 scribit
1163 3862 1434 3946 Abrahamius
1451 3870 1467 3966 (
1500 3867 1543 3961 )›

183 3970 385 4053 nimirum
417 3974 674 4057 Benincasam
702 3973 830 4085 ipsum
863 4000 1016 4061 conatu
1046 3976 1284 4086 praesertim
1315 3976 1554 4059 Canonico-

188 4108 283 4169 tum
312 4082 550 4169 Pisanorum
584 4115 605 4185 e
634 4088 737 4173 Sede
764 4087 964 4199 dejedum
984 4086 1125 4176 irride.
1155 4090 1284 4175 Certe
1314 4088 1478 4197 quidem
1503 4110 1556 4169 ex

304 4200 408 4280 Tam.
442 4203 471 4283 1.
679 4290 683 4299 ,
925 4207 1003 4312 Gg
1071 4198 1076 4209 '
1394 4205 1500 4306 lina

186 4362 238 4441 (ι)
259 4370 300 4427 v.
319 4366 517 4429 arenarium
538 4370 689 4437 Historiae
707 4368 833 4437 Pisanae
853 4373 904 4437 eor.
929 4376 997 4439 181.
1011 4417 1023 4453 ,
1037 4390 1072 4437 ac
1092 4367 1258 4440 Troadum
1277 4371 1398 4437 aaran.

152 4460 156 4469 “
186 4446 234 4523 (a)
255 4448 442 4511 Breviarium
464 4448 587 4511 citarum
608 4454 663 4512 luca
682 4454 770 4513 indic.
1290 4457 1294 4466 ’
1536 4460 1542 4473 “

189 4530 239 4605 (3)
263 4525 310 4586 Est
323 4525 362 4595 in
382 4529 536 4606 Appendice
557 4546 728 4593 maumam.

191 4614 234 4679 (4)
256 4610 366 4685 ΨΜ·
383 4623 530 4688 raram·
554 4610 630 4689 apud
654 4603 886 4679 Bollanditnod.

186 4686 719 4772 mmmffimmm
